1722 2748
234 134 297 172 IX
316 143 370 181 24
391 150 411 182 9
844 130 967 170 TITI
998 131 1117 170 LIVI

316 243 448 284 arma’
480 250 521 284 et
552 245 562 263 ‘
578 256 652 295 pro
683 249 859 282 uestram
888 242 1025 292 fidem,
1055 241 1189 282 ciues'
1219 241 1457 294 clamitans3
1492 246 1582 282 ‘arx
1608 242 1662 282 ab

261 323 301 346 10
318 309 501 349 hostibus
516 316 634 360 capta
645 316 705 348 est
720 323 731 359 3
750 307 967 357 defendite,
984 307 1064 348 ite!
1101 309 1220 349 Haec
1237 307 1421 349 incidens
1434 308 1660 361 principum

317 375 480 424 foribus,
498 376 599 415 haec
618 373 762 423 obuiis,
778 375 880 414 haec
899 374 1199 414 excurrentibus
1218 373 1261 414 in
1280 373 1487 426 publicum
1506 374 1663 427 pauidis

317 441 508 493 increpat.
565 443 793 492 Acceptum
831 440 886 480 ab
921 454 1005 480 uno
1035 454 1226 492 pauorem
1258 441 1393 492 plures
1418 453 1492 493 per
1521 441 1663 482 urbem

261 520 296 542 ¹1
318 509 461 547 ferunt.
519 506 686 558 Trepidi
705 505 956 558 magistratus
976 506 1106 546 missis
1125 508 1178 546 ad
1197 519 1330 546 arcem
1350 506 1664 558 exploratoribus

319 587 412 613 cum
432 574 512 613 tela
530 580 571 613 et
587 580 760 613 armatos
786 580 921 627 tenere
947 586 1081 612 arcem
1109 571 1375 624 multiplicato
1402 585 1572 613 numero
1599 586 1665 612 au-

265 659 300 680 12
320 641 461 689 ditent,
495 646 681 679 auertunt
713 638 871 678 animos
904 652 929 678 a
959 652 1029 690 spe
1068 637 1350 690 reciperandae
1382 639 1496 678 arcis.
1555 639 1666 690 Fuga

321 714 466 746 cuncta
500 706 752 756 complentur
784 713 1006 756 portaeque
1035 704 1089 744 ab
1123 703 1376 744 semisomnis
1413 717 1462 744 ac
1494 704 1666 744 maxima

321 780 433 825 parte
452 771 670 812 inermibus
689 771 966 822 refringuntur‚
988 784 1158 822 quarum
1177 784 1247 822 per
1272 783 1395 811 unam
1423 769 1666 822 praesidium

325 841 555 878 Romanum
576 839 750 878 clamore
768 837 984 877 excitatum
1003 837 1194 889 inrumpit
1221 843 1263 877 et
1286 844 1568 877 concursantes
1597 850 1667 889 per

265 917 305 948 ¹3
324 904 409 943 uias
442 903 612 956 pauidos
643 902 786 943 caedit.
847 904 934 942 Iam
966 903 1065 943 Sora
1093 910 1211 954 capta
1240 909 1333 951 erat,
1355 915 1450 943 cum
1481 904 1667 943 consules

325 970 453 1022 prima
471 971 562 1008 luce
579 970 782 1009 aduenere
809 976 849 1010 et
878 982 980 1021 quos
1009 968 1183 1020 reliquos
1210 969 1369 1008 fortuna
1395 981 1445 1008 ex
1472 975 1667 1010 nocturna

267 1051 306 1083 14
324 1037 450 1076 caede
478 1049 527 1075 ac
562 1037 652 1087 fuga
683 1036 829 1075 fecerat
862 1036 904 1075 in
935 1034 1187 1075 deditionem
1220 1033 1435 1086 accipiunt.
1503 1035 1564 1074 Ex
1607 1033 1668 1074 his

325 1106 523 1144 ducentos
541 1103 682 1156 uiginti
701 1103 892 1155 quinque,
910 1103 980 1156 qui
999 1104 1183 1144 omnium
1201 1116 1400 1142 consensu
1415 1102 1669 1143 destinaban-
1719 1154 1722 1155 ⁷

326 1178 388 1211 tur
419 1179 460 1211 et
492 1170 680 1210 infandae
710 1172 946 1210 colonorum
972 1169 1106 1209 caedis
1134 1176 1175 1209 et
1207 1168 1444 1209 defectionis
1473 1176 1668 1218 auctores,
1718 1187 1722 1209 ε

327 1238 484 1277 uinctos
518 1238 694 1276 Romam
724 1237 932 1277 deducunt
948 1250 960 1285 3
986 1243 1161 1275 ceteram
1191 1235 1490 1276 multitudinem
1520 1234 1670 1275 incolu-

268 1313 307 1346 15
328 1317 434 1343 mem
472 1302 670 1355 praesidio
708 1302 897 1355 imposito
937 1304 1057 1342 Sorae
1100 1301 1340 1353 relinquunt.
1409 1301 1564 1342 Omnes
1601 1300 1671 1353 qui
1714 1302 1722 1342 j

329 1371 503 1410 Romam
523 1368 687 1409 deducti
707 1376 820 1409 erant
837 1368 956 1420 uirgis
977 1368 1019 1407 in
1038 1369 1124 1408 foro
1144 1367 1249 1408 caesi
1269 1381 1318 1408 ac
1339 1366 1468 1408 securi
1494 1366 1669 1420 percussi

327 1449 487 1475 summo
512 1435 660 1487 gaudio
679 1434 820 1486 plebis,
841 1434 955 1474 cuius
979 1434 1152 1474 maxime
1169 1433 1355 1474 intererat
1373 1441 1501 1474 tutam
1520 1434 1672 1486 ubique

327 1515 433 1554 quae
451 1501 599 1554 passim
619 1501 662 1542 in
680 1501 859 1542 colonias
880 1501 1098 1541 mitteretur
1120 1500 1417 1540 multitudinem
1437 1514 1536 1541 esse.

259 1577 312 1619 25
384 1569 584 1609 Consules
603 1567 656 1608 ab
684 1570 781 1609 Sora
799 1567 966 1620 profecti
986 1567 1027 1607 in
1047 1581 1161 1619 agros
1179 1574 1304 1618 atque
1319 1566 1440 1607 urbes
1460 1561 1672 1607 Auson'um
1707 1559 1722 1598 ’ζ’

294 1649 308 1671 2
330 1634 482 1674 bellum
508 1635 737 1674 intulerunt.
797 1635 913 1673 Mota
940 1646 1116 1685 namque
1144 1631 1281 1672 omnia
1310 1633 1490 1673 aduentu
1522 1631 1693 1673 Samni-·

331 1703 431 1741 tium
454 1714 547 1741 cum
577 1701 687 1752 apud
719 1701 910 1740 Lautulas
943 1699 1179 1739 dimicatum
1208 1707 1269 1739 est
1298 1699 1464 1748 fuerant,
1497 1698 1674 1739 coniura-
1700 1693 1714 1735 ‚⁴

327 1806 524 1849 praetulisse
538 1805 678 1846 uidetur,
699 1810 738 1837 ut
753 1809 829 1837 recte
844 1805 1034 1837 obseruauit
1049 1805 1200 1846 Luterb.)
1212 1805 1412 1848 plerumque
1421 1815 1501 1838 eum
1517 1805 1674 1839 relauuae
1703 1802 1706 1806 ’

331 1851 500 1882 clausulae
514 1854 574 1881 aut
589 1850 726 1881 inclusit
737 1854 798 1881 aut
808 1854 879 1881 arte
889 1849 1074 1882 subiunxit.
1109 1848 1277 1882 Scribebat
1286 1850 1460 1891 igituraut
1469 1861 1534 1892 e.g.
1547 1854 1673 1892 quanta
1691 1852 1698 1869 ’-

333 1896 480 1926 maxime
502 1899 643 1935 poterat,
665 1893 698 1925 u'i
721 1894 890 1934 perculit3
915 1897 977 1926 aut
989 1904 1058 1935 e.g.
1078 1899 1209 1935 quanto
1234 1894 1382 1926 maximo
1407 1894 1536 1936 impetu
1560 1893 1672 1936 potuit
1698 1911 1699 1914 ¹

333 1939 386 1970 uel
406 1944 534 1979 quanto
559 1938 707 1969 maximo
734 1938 844 1978 potuit
872 1938 1002 1979 impetu
1031 1938 1146 1980 (plura
1175 1937 1250 1970 uide
1275 1938 1323 1969 sis
1349 1937 1454 1972 class.
1480 1938 1602 1980 Quart.
1625 1938 1672 1970 xii

333 1983 460 2024 (1918),
477 1988 510 2024 p.
533 1993 595 2014 too
614 1986 644 2013 et
661 1987 695 2023 p.
717 1982 792 2022 104)
883 1982 1058 2014 defendite
1083 1983 1129 2014 ite
1151 1981 1360 2024 MFUpOT:
1386 1981 1571 2015 defendite.
1621 1981 1673 2014 lte

333 2026 466 2058 PDLA
483 2038 490 2058 ε
515 2028 572 2067 ite,
593 2026 765 2058 defendite
781 2026 854 2059 dett.
875 2027 950 2068 aliq.
967 2037 975 2058 :
1000 2027 1172 2058 defendite
1190 2025 1245 2057 Ax
1259 2026 1334 2059 dett.
1353 2026 1420 2059 duo
1444 2025 1560 2059 Madv.

338 2081 377 2103 10
413 2071 567 2103 incidens
594 2070 642 2102 ed.
671 2070 767 2103 Frob.
800 2081 882 2112 1535
913 2072 984 2103 sine
1014 2070 1117 2102 adm:
1155 2071 1320 2102 incedens
1348 2067 1671 2112 MPFUpOTDLA

426 2126 461 2147 11
489 2117 610 2156 recipfl
628 2116 666 2157 cf
688 2127 715 2150 1.
738 2127 784 2149 12.
807 2126 820 2147 1
838 2115 917 2148 adn.
934 2125 943 2147 ι
968 2125 1082 2155 recup.
1099 2114 1152 2146 ln'c
1165 2114 1235 2146 cdd.
1256 2115 1364 2146 nostn·
1452 2124 1490 2146 12
1512 2113 1675 2155 inrumpit
1695 2115 1698 2117 ’

336 2159 475 2199 M³(—pis
503 2159 834 2202 M)PFUpTDLA:
865 2160 992 2200 inrupit
1017 2159 1049 2191 Ο
1200 2167 1238 2197 13
1263 2157 1297 2189 in
1324 2158 1533 2190 deditionem
1557 2156 1676 2200 PFUp

338 2203 502 2234 OTDLA
527 2205 601 2242 (sed
619 2205 753 2243 -dict-):
786 2206 818 2236 in
844 2205 1009 2236 ditionem
1034 2201 1073 2233 M
1230 2212 1268 2244 14
1293 2207 1327 2234 et
1349 2202 1506 2234 infandae
1527 2200 1674 2234 M0A2:

336 2247 490 2280 infandae
516 2248 768 2290 PFUpTDLA
905 2248 1065 2288 imposito
1096 2270 1101 2277 .
1131 2270 1139 2278 .
1172 2271 1180 2279 .
1208 2245 1353 2277 Romam
1380 2243 1700 2288 MPFUpOTA¹=2

336 2301 403 2323 om.
429 2292 530 2323 DLA
559 2293 641 2335 (uid.
670 2305 698 2333 4.
725 2303 752 2331 7.
779 2295 800 2324 6
828 2291 933 2331 adm:
964 2293 995 2323 8.
1021 2302 1074 2331 31.
1099 2292 1120 2322 6
1143 2293 1174 2321 et
1196 2301 1213 2331 7
1239 2290 1342 2331 adn.;
1373 2301 1405 2331 9.
1431 2291 1484 2330 36.
1513 2299 1549 2322 11
1579 2293 1609 2321 et
1637 2299 1676 2320 ιη
1700 2311 1702 2313 >

337 2334 439 2367 adm:
466 2336 613 2376 sortasse
637 2338 795 2368 omnibus
819 2342 880 2378 per
904 2334 1180 2367 homoeoteleuton
1209 2334 1370 2374 (Romam
1396 2358 1404 2366 .
1435 2357 1444 2366 .
1474 2357 1484 2366 .
1515 2334 1674 2372 Romam)

337 2379 355 2410 i.
370 2390 394 2411 e.
416 2381 585 2412 deducunt
601 2407 606 2413 .
626 2404 633 2413 .
656 2405 664 2414 .
684 2381 826 2412 Romam
844 2381 957 2421 primo
973 2378 1108 2410 omissis
1124 2388 1205 2409 mox
1213 2381 1344 2419 partem
1363 2381 1497 2410 tantum
1513 2376 1678 2419 suppleuit
1694 2415 1696 2417 Ι

337 2423 439 2456 scriba
1643 2438 1645 2440 ·
