1722 2748
255 146 336 184 vn
359 156 406 193 19
431 157 446 193 7
864 145 993 184 -TITI
1026 144 1144 183 L1v1

300 266 319 296 8
338 256 490 296 uincias
509 256 632 296 iussit,
693 255 906 295 Inclinauit
926 254 1073 295 deinde
1094 268 1182 306 pars
1203 254 1328 294 maior
1347 267 1465 294 curae
1484 254 1524 293 in
1547 256 1680 294 Etrus-

339 337 430 362 cum
452 323 612 371 bellum,
630 330 843 375 postquam
863 321 1001 361 litteris
1022 321 1172 372 Sulpici
1193 321 1378 370 consulis,
1395 320 1460 361 cui
1472 320 1679 372 Tarquinii

337 388 543 441 prouincia
564 396 761 437 euenerat,
785 387 988 438 cognitum
1010 395 1069 427 est
1093 388 1383 439 depopulatum
1409 401 1547 439 agrum
1577 386 1680 426 circa

338 458 545 495 Romanas
584 454 727 494 salinas
765 455 1018 506 praedaeque
1055 461 1208 505 partem
1250 453 1292 493 in
1331 453 1534 494 Caeritum
1580 455 1679 493 fines

337 530 518 562 auectam
540 528 579 561 et
599 522 706 560 haud
727 519 850 560 dubie
869 520 1119 559 iuuentutem
1140 521 1225 560 eius
1244 519 1382 572 populi
1393 519 1504 559 ·inter
1518 521 1681 571 praeda-

297 603 317 635 9
338 597 442 629 tores
462 588 593 628 fuisse.
654 589 795 638 Itaque
811 585 1014 626 Valerium
1035 588 1254 635 consulem,
1272 586 1429 626 Volscis
1450 585 1684 638 oppositum

338 664 544 707 castraque
567 655 618 693 ad
645 654 764 692 finem
786 654 1060 691 Tusculanum
1080 652 1309 701 habentem,
1331 659 1563 691 reuocatum
1585 651 1679 692 inde

337 729 496 762 senatus
530 721 761 760 dictatorem
796 718 929 758 dicere
967 717 1089 757 iussit.
1150 721 1198 758 T.
1236 717 1435 757 Manlium
1471 719 1515 758 L.
1553 718 1678 756 filium

281 805 317 826 10
337 786 445 827 dixit.
497 788 536 825 Is
552 799 643 825 cum
660 784 735 823 sibi
750 783 981 834 magistrum
997 783 1174 834 equitum
1191 784 1240 822 A.
1258 781 1490 823 Cornelium
1506 782 1678 823 Cossum

338 851 510 899 dixisset,
533 849 730 890 consulari
760 849 933 889 exercitu
957 856 1171 888 contentus
1192 862 1238 887 ex
1259 847 1493 888 auctoritate
1522 855 1679 900 patrum

338 931 385 957 ac
405 918 540 969 populi
562 916 670 955 iussu
692 914 915 956 Caeritibus
936 914 1083 953 bellurn
1107 913 1260 953 indixit.

263 994 317 1023 20
393 986 498 1023 Tum
528 982 698 1034 primum
730 981 918 1028 Caerites,
948 987 1154 1031 tamquam
1183 979 1225 1019 in
1254 979 1387 1019 uerbis
1414 979 1590 1019 hostiurn
1620 979 1680 1019 uis

340 1049 464 1089 maior
483 1049 534 1088 ad
555 1048 704 1088 bellum
725 1046 1032 1098 significandum
1051 1052 1172 1097 quam
1199 1045 1240 1084 in
1266 1045 1344 1085 suis
1369 1045 1496 1094 factis,
1515 1045 1584 1097 qui
1610 1059 1681 1098 per

340 1114 636 1167 populationem
664 1115 868 1155 Romanos
889 1111 1152 1159 lacessierant,
1175 1118 1289 1160 esset,
1308 1123 1425 1150 uerus
1445 1109 1538 1150 belli
1558 1118 1681 1150 terror

339 1181 494 1229 inuasit,
531 1188 570 1220 et
609 1193 728 1230 quam
763 1191 844 1217 non
881 1191 1040 1216 suarum
1075 1176 1219 1215 uirium
1254 1190 1300 1216 ea
1337 1175 1542 1216 dimicatio
1576 1185 1679 1216 esset

302 1261 316 1282 2
340 1248 581 1296 cernebant3
628 1245 938 1297 paenitebatque
982 1243 1251 1294 populationis
1290 1251 1330 1282 et
1368 1242 1678 1294 Tarquinienses

340 1313 644 1354 exsecrabantur
673 1310 910 1350 defectionis
940 1316 1147 1355 auctores3
1186 1321 1259 1347 nec
1291 1321 1400 1347 arma
1429 1316 1497 1347 aut
1527 1307 1678 1347 bellum

339 1378 548 1430 quisquam
570 1389 758 1428 apparare
781 1376 851 1414 sed
872 1387 944 1424 pro
965 1386 1007 1413 se
1028 1373 1196 1424 quisque
1216 1375 1366 1424 legatos
1387 1372 1488 1412 mitti
1515 1372 1678 1412 iubebat

301 1462 318 1492 3
339 1446 390 1484 ad
412 1444 626 1496 petendam
648 1441 786 1482 erroris
804 1439 975 1480 ueniam.
1028 1438 1165 1490 Legati
1182 1446 1362 1478 senatum
1379 1451 1471 1477 cum
1487 1437 1672 1487 adissent,

338 1511 390 1550 ab
428 1518 567 1550 senatu
606 1507 738 1547 reiecti
776 1508 829 1546 ad
864 1506 1057 1557 populum
1092 1506 1190 1543 deos
1224 1511 1471 1556 rogauerunt,
1507 1517 1676 1555 quorum

339 1590 447 1616 sacra
472 1576 577 1615 bello
605 1573 760 1613 Gallico
786 1579 951 1623 accepta
981 1570 1053 1611 rite
1083 1578 1369 1621 procurassent,
1399 1577 1442 1609 ut
1470 1571 1677 1610 Romanos

339 1643 522 1681 florentes
543 1653 590 1679 ea
610 1638 669 1678 sui
697 1636 966 1677 misericordia
994 1643 1150 1687 caperet
1171 1648 1273 1685 quae
1300 1628 1342 1674 se
1369 1634 1486 1674 rebus
1512 1634 1678 1674 adfectis

300 1724 319 1754 4
339 1707 542 1758 quondam
564 1703 702 1756 populi
724 1702 899 1743 Romani
923 1701 1092 1753 cepisset
1107 1716 1117 1749 ;
1148 1700 1411 1751 conuersique
1434 1701 1486 1739 ad
1513 1700 1678 1740 delubra

338 1774 485 1812 Vestae
516 1769 734 1821 hospitium
766 1768 972 1807 flaminum
1004 1769 1306 1818 Vestaliumque
1335 1766 1386 1806 ab
1416 1780 1457 1806 se
1491 1773 1599 1806 caste
1631 1779 1714 1812 ac

300 1852 317 1883 5
337 1838 517 1890 religiose
532 1838 682 1876 cultum
699 1835 960 1875 inuocabant:
990 1847 1089 1874 eane
1106 1835 1265 1874 meritos
1277 1835 1455 1874 crederet
1467 1834 1715 1908 quisquam*
1692 1826 1722 1882 '³537

338 1906 472 1944 hostes
489 1909 650 1954 repente
665 1901 751 1940 sine
767 1914 886 1940 causa
902 1902 1026 1940 factos
1039 1903 1057 1940 Ρ
1104 1908 1182 1948 aut,
1202 1899 1234 1939 si
1250 1899 1348 1951 quid
1363 1898 1556 1939 hostiliter
1571 1899 1708 1942 fecis-³:

338 1977 436 2018 sent,
468 1967 635 2009 consilio
665 1969 706 2007 id
739 1967 862 2019 magis
893 1981 1014 2019 quam
1042 1968 1171 2006 surore
1196 1967 1327 2018 lapsos
1357 1965 1508 2014 fecisse,
1535 1972 1580 2004 ut
1608 1963 1707 2028 εηειὶῥς

338 2043 471 2074 uetera
494 2033 702 2082 beneficia,
728 2035 856 2073 locata
887 2032 1116 2084 praesertim
1145 2033 1252 2083 apud
1282 2040 1363 2071 tarn
1389 2039 1530 2083 gratos,
1563 2029 1699 2071 nouis

337 2108 633 2152 corrumperent
673 2099 875 2139 maleficiis
906 2100 1194 2149 florentemque
1225 2098 1418 2149 populum
1449 2099 1708 2162 Romanum}

381 2216 402 2245 9
426 2205 462 2236 T.
484 2205 645 2236 Manlium
669 2204 720 2245 Up
739 2204 812 2236 dett.
830 2204 931 2245 alistq
925 2228 931 2235 .
956 2215 983 2236 c.
997 2201 1188 2235 {manlium
1207 2201 1286 2233 PF.
1311 2214 1338 2234 c.
1357 2209 1380 2235 t.
1395 2202 1554 2234 manniliu
1573 2194 1715 2299 0:10ss

336 2249 509 2281 manilium
528 2249 727 2280 HTDLA·
753 2248 926 2279 manilium
944 2247 983 2278 M
1149 2247 1186 2278 L.
1210 2246 1312 2277 filium
1337 2246 1371 2287 (ι.
1383 2257 1409 2279 e.
1426 2245 1447 2277 1.
1461 2246 1500 2284 ἰ.)
1519 2244 1677 2330 PUpOs

344 2292 420 2323 TL:
457 2298 481 2325 t.
509 2294 530 2325 f.
562 2293 606 2325 M
628 2292 701 2333 (sed
730 2293 749 2323 Ι.
776 2292 798 2324 f.
829 2303 864 2323 ιη
891 2291 1089 2333 glossemate
1118 2290 1286 2322 contextui
1312 2290 1444 2330 tnserto,
1476 2289 1542 2321 uid.
1574 2287 1678 2331 praes.

339 2340 501 2374 nostram,
523 2338 642 2379 §38):
672 2336 725 2368 IF.
745 2335 799 2368 D·
825 2347 892 2368 om.
891 2303 959 2372 g,A
979 2339 1016 2367 ut
1031 2334 1181 2366 utdetur
1206 2344 1339 2365 erasum
1355 2337 1403 2365 est
1416 2333 1544 2374 ahquid
1556 2332 1641 2364 mF

382 2387 431 2412 20
456 2391 475 2411 2
500 2391 666 2421 apparare
687 2359 983 2421 MUpOHTDA':
1008 2389 1174 2419 apparere
1192 2377 1309 2409 PF?L
1329 2378 1465 2419 (parare
1479 2376 1541 2419 1¹³³)
1678 2307 1713 2418 Ξ

340 2423 422 2456 Post
438 2426 571 2456 ueniam
586 2424 690 2465 gloss,
711 2423 808 2454 ahud
821 2423 932 2454 inserit
949 2422 1009 2453 Μ
1007 2423 1018 2440 s
1021 2434 1056 2455 u
1070 2422 1173 2465 praef
1194 2426 1355 2463 nostram,
1375 2424 1391 2460 ξ
1409 2422 1466 2463 38)
1677 2413 1713 2592 ξ

1678 2581 1711 2614 “k
