1722 2748
285 125 367 164 VII
393 128 435 165 18
456 145 478 175 4
906 129 1024 169 TITI
1054 131 1174 170 LIVI

370 239 619 290 magistratus
648 242 879 282 consulatus
908 243 986 290 fiat,
1017 250 1085 282 aut
1114 249 1244 282 totum
1273 244 1560 295 possidendum
1590 259 1711 298 quam

332 319 349 351 5
369 305 663 357 possessionem
697 306 891 359 integram
924 322 948 348 a
982 308 1160 359 patribus
1196 309 1455 361 accepissent.
1569 312 1711 352 Plebes

369 379 509 412 contra
527 371 658 411 fremit
677 388 686 412 :
715 372 814 424 quid
834 387 878 414 se
897 374 1043 423 uiuere,
1066 374 1165 426 quid
1184 375 1226 415 in
1246 384 1357 427 parte
1376 377 1525 417 ciuium
1546 378 1711 429 censeri,

369 437 413 486 si,
431 439 542 488 quod
557 439 728 477 duorum
744 439 954 478 hominum
975 439 1132 488 uirtute,
1156 442 1200 480 L.
1223 440 1330 481 Sexti
1347 455 1395 481 ac
1411 443 1455 483 C.
1473 442 1611 492 Licini,
1628 457 1710 496 par·

331 512 352 544 6
370 512 455 543 tum
484 503 545 552 sit,
576 503 618 544 id
647 504 826 544 obtinere
855 505 1031 545 uniuersi
1062 519 1143 546 non
1173 506 1358 557 possint?
1413 509 1477 548 uel
1507 522 1617 560 reges
1645 510 1710 549 uel

333 579 350 614 7
370 569 619 609 decemuiros
640 571 702 609 uel
724 570 755 608 si
776 571 888 621 quod
907 570 1056 610 tristius
1075 571 1124 611 sit
1140 571 1295 623 imperii
1311 586 1460 613 nomen
1476 574 1710 626 patiendum

370 649 455 675 esse
475 637 607 687 potius
634 649 753 687 quam
777 637 918 676 ambos
948 637 1133 689 patricios
1163 640 1348 679 consules
1377 640 1542 680 uideant
1567 654 1643 680 nec
1668 640 1710 681 in

369 701 497 741 uicem
520 709 701 753 pareatur
729 710 849 753 atque
877 702 1091 754 imperetur
1116 705 1187 743 sed
1212 718 1302 755 pars
1329 707 1451 746 altera
1478 706 1518 746 in
1548 710 1722 756 aeterno}

369 767 536 819 imperio
551 769 682 807 locata
696 768 855 819 plebem
872 782 1069 819 nusquam
1085 769 1165 808 alio
1186 777 1319 809 natam
1338 784 1458 821 quam
1472 773 1524 811 ad
1541 759 1722 812 semim-³

331 842 349 872 8
369 834 466 872 dum
494 842 615 885 putet.
730 835 826 873 Non
850 835 996 874 desunt
1020 834 1169 874 tribuni
1192 843 1374 876 auctores
1400 837 1615 887 turbarum,
1638 840 1709 879 sed

330 911 350 943 9
369 898 472 938 inter
490 898 714 938 concitatos
733 912 804 950 per
822 912 865 939 se
889 913 1031 939 omnes
1057 900 1123 939 uix
1150 902 1274 940 duces
1297 901 1487 941 eminent.
1545 903 1709 955 Aliquo-

369 965 470 1004 tiens
490 966 633 1004 frustra
651 964 693 1003 in
713 978 900 1016 campum
920 966 1160 1005 descensum
1181 980 1273 1005 cum
1294 974 1398 1006 esset
1418 966 1613 1019 multique
1639 982 1709 1021 per

369 1030 584 1070 seditiones
610 1029 689 1069 acti
709 1029 929 1070 comitiales
953 1031 1051 1080 dies,
1073 1039 1278 1083 postremo
1297 1031 1392 1072 uicit
1415 1035 1708 1084 perseuerantia

367 1098 603 1137 consulum:
636 1096 764 1148 plebis
794 1110 844 1136 eo
870 1098 986 1137 dolor
1012 1097 1151 1150 erupit,
1183 1106 1227 1149 ut
1257 1097 1436 1138 tribunos
1459 1107 1594 1139 actum
1620 1114 1708 1141 esse

368 1163 418 1201 de
461 1161 641 1202 libertate
678 1162 940 1203 uociferantes
978 1163 1367 1215 relinquendumque
1403 1178 1486 1205 non
1519 1179 1706 1218 campum

367 1228 446 1267 iam
468 1229 598 1267 solum
618 1228 691 1267 sed
710 1229 832 1268 etiam
851 1229 991 1268 urbem
1013 1236 1171 1280 captam
1191 1236 1312 1280 atque
1332 1243 1563 1281 oppressam
1584 1245 1706 1284 regno

310 1312 348 1334 ιο
367 1293 621 1344 patriciorum
651 1303 800 1334 maesta
829 1292 971 1349 [plebs]
1004 1302 1245 1346 sequeretur.
1303 1295 1502 1336 Consules
1530 1297 1656 1338 relicti
1683 1311 1706 1338 a

366 1367 477 1410 parte
505 1359 641 1411 populi
672 1373 742 1412 per
769 1361 1074 1412 infrequentiam
1098 1360 1259 1401 comitia
1284 1361 1411 1401 nihilo
1438 1361 1598 1414 segnius
1622 1376 1706 1415 per-

367 1427 517 1466 ficiunt.
577 1426 710 1468 Creati
724 1429 909 1467 consules
923 1427 1045 1467 ambo
1065 1426 1232 1479 patricii,
1247 1428 1302 1467 M.
1326 1427 1472 1468 Fabius
1485 1429 1705 1469 Ambustus

365 1492 525 1533 tertium
563 1495 610 1532 T.
650 1493 875 1544 Quinctius.
934 1494 983 1532 In
1022 1492 1264 1544 quibusdam
1301 1493 1512 1534 annalibus
1549 1508 1622 1547 pro
1653 1497 1702 1534 T.

366 1558 560 1610 Quinctio
581 1560 638 1598 M.
663 1558 863 1610 Popilium
883 1560 1090 1599 consulem
1111 1558 1285 1600 inuenio.
1562 1608 1566 1613 ι

296 1638 345 1675 19
422 1627 515 1665 Duo
534 1625 640 1664 bella
660 1637 708 1665 eo
729 1638 837 1664 anno
856 1638 1043 1677 prospere
1062 1633 1195 1677 gesta:
1236 1639 1327 1665 cum
1348 1625 1703 1677 Tarquiniensibus

408 1741 427 1770 5
452 1734 527 1762 ante
551 1730 670 1771 plebes
697 1730 796 1761 etiam
824 1729 922 1761 aliud
939 1730 1043 1770 gloss.
1074 1729 1214 1761 inseruit
1235 1729 1284 1771 M,
1314 1729 1383 1762 uid.
1404 1730 1508 1771 praef.
1536 1735 1698 1766 nostram.

365 1778 380 1813 ξ
399 1785 440 1814 37
574 1774 611 1805 C.
632 1773 741 1805 Licini
766 1798 774 1806 .
802 1797 810 1806 .
838 1797 846 1806 .
873 1784 973 1812 reges
996 1772 1172 1814 MPFrsed
1192 1774 1287 1814 leges
1306 1779 1368 1814 pro
1387 1773 1703 1815 reges)UpOT²A²

363 1819 416 1850 uel
429 1817 478 1849 A⁴
495 1817 569 1859 (sed
584 1829 650 1849 non
676 1818 808 1857 possint
833 1817 995 1859 uniuersi)
1011 1828 1018 1847 :
1044 1827 1072 1849 c.
1093 1818 1156 1849 h.s.
1178 1828 1278 1857 reges
1290 1817 1332 1848 H
1336 1816 1426 1848 TDL
1441 1821 1473 1849 et
1482 1817 1676 1858 fortasseA
1693 1829 1701 1850 ε

360 1863 400 1903 cf.
427 1861 529 1894 Class.
558 1862 636 1893 Rev.
663 1862 731 1892 xvii
757 1861 874 1901 (1903)
1033 1871 1051 1902 7
1076 1872 1176 1902 quam
1201 1860 1545 1902 MPFUpOTDLA:
1574 1862 1630 1902 qui
1648 1861 1697 1902 H,

363 1907 462 1947 (sort.
480 1911 543 1948 pro
565 1904 617 1946 qu,
637 1905 675 1946 ef.
695 1915 717 1936 c.
743 1916 792 1943 13.
819 1915 840 1941 9
856 1904 952 1939 adn.)
1116 1917 1138 1946 9
1161 1905 1242 1936 uicit
1259 1906 1517 1945 perseuerantia
1535 1904 1700 1945 Conway:

362 1951 453 1982 uicta
470 1949 726 1991 perseuerantia
743 1948 845 1979 MPF
845 1947 939 1990 UpH
943 1947 1071 1980 TDLA
1087 1960 1096 1981 t
1120 1949 1210 1980 uicta
1231 1950 1488 1990 perseuerantia
1507 1948 1539 1980 O
1555 1961 1561 1981 :
1589 1949 1700 1982 uictae

361 1994 618 2035 perseuerantia
634 1993 707 2024 dett.
728 2003 829 2032 unus,
853 1995 860 2008 ·‘
876 1992 1000 2023 sincera
1018 1993 1124 2024 lectr'o’
1146 1992 1306 2030 Gelenius,
1326 1993 1386 2024 sed
1397 1993 1573 2035 genetiuus
1589 1994 1700 2026 uictae

360 2038 470 2078 plebis
491 2042 520 2068 et
542 2048 632 2069 nom.
661 2042 792 2068 maesta
816 2036 914 2077 plebs
942 2037 976 2067 in
1006 2037 1120 2068 eadem
1144 2038 1301 2068 sententia
1320 2042 1451 2078 parum
1474 2037 1613 2078 placent.
1658 2036 1704 2071 Si

361 2083 449 2114 uicta
469 2082 523 2113 uel
544 2082 656 2114 uictae
675 2086 739 2122 pro
763 2080 852 2112 uicta
872 2085 925 2112 est
945 2080 1160 2122 interpretem}-
1183 2085 1213 2112 et
1235 2085 1313 2123 post
1336 2081 1444 2121 plebis
1469 2082 1694 2123 interpungas‚

361 2127 480 2166 plebes
495 2131 556 2167 pro
573 2125 683 2166 plebis
704 2126 803 2157 scn'be
825 2124 877 2167 (id
893 2124 986 2166 quod
996 2124 1058 2156 sed
1076 2126 1216 2157 retinens
1236 2125 1357 2165 plebis,
1378 2129 1417 2156 ut
1435 2125 1698 2164 nominatiuum,

351 2171 432 2210 fecit
460 2170 588 2208 Her!z;
623 2174 697 2202 tum
727 2173 805 2212 post
836 2170 953 2210 plebes
983 2169 1114 2211 aliquid
1140 2169 1293 2201 exa'disse
1320 2172 1426 2210 potest
1454 2179 1479 2201 e.
1489 2180 1523 2210 g.
1556 2169 1698 2210 plebes3

358 2214 511 2255 <comitia
536 2225 741 2255 quamquam
771 2225 840 2245 non
874 2214 939 2245 iam
973 2213 1128 2245 obstabat
1157 2213 1384 2256 habentibus),
1415 2223 1457 2244 eo
1486 2212 1584 2244 dolor
1609 2217 1698 2251 etc.‚·

359 2258 540 2300 simplicius
562 2263 672 2290 tamen
698 2258 831 2290 uidetur
851 2258 934 2290 uicit
953 2258 1094 2299 scribere,
1119 2257 1211 2299 quod
1226 2258 1380 2299 primum
1397 2257 1432 2288 in
1455 2256 1545 2296 uicti,
1568 2256 1642 2288 dein
1662 2256 1697 2288 in

361 2303 448 2333 uicta
487 2307 683 2345 corruptum
725 2302 913 2340 credimus3
953 2301 1050 2342 plebs
1087 2305 1165 2343 post
1203 2305 1332 2332 maesta
1372 2311 1448 2332 cum
1488 2299 1569 2332 Lov.
1610 2311 1630 2332 2
1669 2302 1699 2332 et

359 2346 562 2387 Alschefskio
579 2351 617 2379 ut
626 2346 729 2388 gloss
750 2350 827 2378 certe
842 2345 1076 2378 secludendum
1093 2349 1141 2377 est
1157 2345 1210 2386 (cf.
1227 2356 1249 2376 c.
1270 2346 1318 2376 16.
1334 2354 1348 2375 1
1369 2344 1464 2379 adn.)
1598 2343 1699 2376 dolor

359 2391 472 2430 erupit
491 2389 570 2421 T²A
589 2392 731 2422 ‘sincera
746 2390 853 2422 lectio'
875 2389 1047 2422 Gelenius:
1072 2389 1191 2420 dolore
1205 2390 1294 2428 rupit
1307 2387 1538 2419 MPOHDL:
1562 2387 1695 2419 dolore-

360 2434 450 2474 rupit
466 2434 514 2465 F:
540 2435 654 2465 dolere
673 2434 764 2474 rupit
788 2434 837 2465 T:
855 2433 972 2465 dolore
989 2433 1100 2474 erupit
1117 2433 1173 2464 Ax
1189 2432 1264 2464 dett.
1284 2432 1361 2472 aliq.
1381 2430 1569 2472 Alschefski

403 2485 447 2518 19
475 2489 487 2509 1
515 2488 681 2519 prospere
708 2476 1032 2517 MPFUpOTDLA
1048 2489 1054 2508 :
1090 2486 1254 2517 prospero
1283 2477 1365 2518 (non
1397 2482 1562 2515 prospera
1587 2477 1626 2506 ut
1649 2474 1686 2506 ai

361 2521 483 2557 Drak.)
512 2521 553 2552 H
715 2521 1022 2563 Tarquiniensibus
1054 2520 1319 2560 Tiburtibusque
1351 2519 1466 2560 scripsi
1490 2529 1528 2550 ex
1551 2517 1690 2560 Fragm-
