1722 2748
208 113 313 151 VIII
335 124 353 151 1
374 120 394 152 6
831 118 949 155 '1‘1'1‘1
982 118 1099 156 LIVI

292 224 387 263 dare
406 238 448 263 se
469 226 609 264 consul
630 225 727 266 dixit
747 227 928 279 finesque
949 227 1122 267 hostium
1140 241 1268 280 usque
1287 229 1340 268 ad
1360 242 1470 268 oram
1491 228 1634 268 mariti-

293 303 398 328 mam
420 298 480 329 est
500 291 779 342 depopulatus.

255 366 270 400 7
347 355 471 395 Alteri
511 356 665 396 consuli
704 358 878 398 Aemilio
918 358 1095 410 ingresso
1134 360 1336 400 Sabellum
1375 373 1512 411 agrum
1552 373 1635 399 non

293 429 421 461 castra
452 422 701 470 Samnitium,
738 437 819 463 non
856 424 1033 476 legiones
1067 438 1235 476 usquam
1269 426 1504 476 oppositae3
1534 426 1636 465 ferro

293 485 454 538 ignique
488 495 711 528 uastantem
746 503 860 541 agros
887 490 1004 541 legati
1037 490 1273 530 Samnitium
1308 504 1447 542 pacem
1478 498 1636 531 orantes

253 561 271 593 8
293 553 453 593 adeunt.
513 555 550 593 A
569 568 651 605 quo
671 555 805 595 reiecti
831 557 884 595 ad
905 564 1098 605 senatum,
1123 563 1318 608 potestate
1338 558 1442 596 facta
1461 555 1635 606 dicendi,

294 618 432 669 positis
453 620 651 660 ferocibus
671 621 815 662 animis
836 636 975 674 pacem
999 622 1073 662 sibi
1093 624 1146 663 ab
1167 623 1361 663 Romanis
1381 622 1556 675 bellique
1575 623 1636 663 ius

253 697 272 729 9
292 686 483 726 aduersus
504 685 702 727 Sidicinos
723 689 936 739 petierunt:
963 702 1066 740 quae
1086 702 1128 728 se
1141 702 1190 728 eo
1207 688 1345 728 iustius
1365 696 1511 740 petere,
1526 689 1636 741 quod

293 759 332 790 et
352 750 392 790 in
413 752 628 792 amicitiam
650 753 787 805 populi
811 754 985 794 Romani
1006 756 1192 795 secundis
1214 754 1293 794 suis
1317 754 1447 804 rebus,
1469 768 1551 794 non
1570 755 1636 794 ad-

294 817 415 857 uersis
436 826 478 858 ut
495 819 703 871 Campani,
719 822 934 870 uenissent,
952 828 991 861 et
1011 822 1201 861 aduersus
1219 820 1415 861 Sidicinos
1435 827 1637 861 sumerent

293 897 416 933 arma,
431 898 523 924 suos
543 898 700 937 semper
721 887 869 935 hostes,
891 886 1029 938 populi
1053 885 1226 926 Romani
1243 899 1451 938 nunquam
1472 887 1634 935 amieos,

236 967 272 990 ιο
293 949 359 1001 qui
396 964 471 990 ηερ
505 958 547 990 ut
574 952 777 1003 'Samnites
812 952 852 991 in
885 966 984 1004 pace
1017 952 1231 992 amicitiam
1259 965 1333 992 nec
1368 959 1410 991 ut
1439 951 1634 1004 Campani

293 1017 481 1056 auxilium
513 1015 554 1055 in
585 1017 689 1057 bello
729 1017 932 1068 petissent,
964 1031 1038 1074 nec
1078 1017 1117 1056 in
1163 1018 1242 1057 fide
1285 1016 1420 1068 populi
1463 1017 1638 1057 Romani

249 1098 273 1126 2
296 1097 369 1122 nec
409 1081 449 1121 in
494 1082 653 1123 dicione
692 1091 835 1123 essent.
910 1083 1014 1124 Cum
1059 1084 1110 1123 de
1150 1082 1358 1134 postulatis
1399 1082 1638 1139 Samnitium

295 1150 342 1187 T.
373 1147 568 1188 Aemilius
598 1156 754 1199 praetor
784 1156 967 1188 senatum
1003 1149 1267 1188 consuluisset
1305 1148 1638 1200 reddendumque

297 1214 341 1254 iis
371 1214 512 1254 foedus
542 1222 672 1265 patres
701 1214 961 1262 censuissent,
986 1222 1142 1266 praetor
1163 1212 1407 1254 Samnitibus
1433 1213 1638 1265 respondit

258 1299 271 1320 2
296 1294 384 1329 nec,
423 1294 505 1332 quo
549 1279 679 1320 minus
722 1287 911 1332 perpetua
959 1294 1050 1320 cum
1100 1279 1156 1320 eis
1200 1279 1374 1319 amicitia
1411 1287 1527 1329 esset,
1569 1293 1639 1331 per

296 1347 487 1398 populum
515 1347 747 1385 Romanum
777 1347 931 1386 stetisse
962 1359 1036 1385 nec
1068 1345 1285 1386 contradici
1315 1343 1424 1396 quin,
1447 1346 1636 1396 quoniam

295 1412 401 1463 ipsos
423 1410 516 1451 belli
539 1413 656 1463 culpa
677 1425 748 1451 sua
772 1412 964 1452 contracti
997 1412 1172 1452 taedium
1203 1410 1361 1463 ceperit,
1384 1410 1559 1451 amicitia
1587 1412 1638 1452 de

254 1490 271 1520 3
295 1477 447 1529 integro
467 1477 741 1518 reconcilietur
757 1492 766 1526 3
795 1479 906 1530 quod
919 1479 971 1518 ad
992 1477 1190 1518 Sidicinos
1211 1477 1386 1525 attineat,
1406 1476 1504 1516 nihil
1523 1477 1639 1517 inter-

295 1545 383 1583 cedi
404 1557 485 1595 quo
506 1543 636 1583 minus
668 1543 835 1584 Samniti
865 1545 1016 1595 populo
1048 1543 1155 1595 pacis
1187 1542 1359 1594 bellique
1385 1542 1553 1583 liberum
1581 1556 1638 1582 ar·

255 1628 274 1660 4
295 1609 455 1662 bitrium
477 1609 537 1649 sit.
582 1611 760 1650 Foedere
776 1611 855 1650 icto
877 1623 969 1649 cum
984 1611 1150 1649 domum
1173 1608 1425 1649 reuertissent
1439 1610 1638 1660 extemplo

295 1675 389 1715 inde
409 1675 601 1715 exercitus
627 1677 832 1715 Romanus
853 1676 1050 1715 deductus
1075 1688 1210 1715 annuo
1236 1673 1437 1726 stipendio
1459 1682 1499 1714 et
1519 1674 1654 1734 “Effl-

296 1755 501 1803 ¹¹¹..3Pffl
498 1741 697 1781 frumento
712 1748 889 1792 accepto,
907 1742 1016 1792 quod
1040 1740 1238 1792 pepigerat
1259 1740 1401 1780 consul
1416 1746 1459 1779 ut
1480 1746 1638 1791 tempus

294 1804 455 1846 indutiis
476 1808 585 1846 daret
607 1808 740 1858 quoad
763 1806 878 1858 legati
903 1806 1107 1847 redissent.

256 1886 273 1916 5
349 1872 545 1912 Samnites
575 1872 700 1923 copiis
732 1872 884 1922 iisdem,
921 1873 1065 1924 quibus
1098 1873 1156 1912 usi
1187 1874 1377 1913 aduersus
1407 1874 1638 1912 Romanum

294 1938 442 1978 bellum
464 1940 627 1986 fuerant,
647 1947 783 1978 contra
809 1938 1006 1979 Sidicinos
1033 1938 1196 1990 profecti
1222 1939 1331 1978 haud
1355 1938 1397 1977 in
1416 1937 1541 1978 dubia
1569 1951 1639 1989 spe

253 2012 273 2043 6
293 2011 403 2043 erant
433 2013 584 2043 mature
617 2004 723 2044 urbis
766 2005 939 2045 hostium
986 2004 1213 2056 potiundae,
1250 2018 1342 2043 cum
1371 2003 1424 2043 ab
1454 2002 1638 2043 Sidicinis

292 2071 443 2111 deditio
464 2071 570 2122 prius
589 2072 645 2122 ad
672 2074 876 2111 Romanos
897 2078 1040 2122 coepta
1064 2069 1144 2109 fieri
1166 2077 1235 2110 est.
1286 2069 1402 2118 Dein,
1425 2077 1636 2120 postquam

336 2187 358 2217 9
373 2186 409 2208 se
423 2187 465 2208 eo
484 2201 491 2208 .
511 2200 518 2207 .
541 2201 547 2207 .
571 2176 717 2207 Romani
733 2187 799 2208 om.
818 2175 849 2207 O
959 2185 997 2206 se
1010 2185 1052 2206 co
1064 2173 1339 2216 PFUpHTDA:
1357 2185 1395 2205 se
1407 2174 1526 2206 eosL:
1542 2184 1585 2205 eo
1600 2173 1642 2204 M

363 2231 403 2251 10
425 2225 461 2252 ut
477 2220 650 2252 Samnites
663 2224 694 2251 et
705 2225 739 2251 ut
752 2219 920 2260 Campani
938 2217 1300 2259 MPFUpOHTDLA
1318 2230 1325 2250 τ
1341 2217 1479 2249 secludit
1487 2217 1642 2249 Eussner

337 2271 357 2294 2
387 2274 399 2294 1
429 2268 569 2303 praetor
586 2287 594 2295 .
615 2288 622 2295 .
641 2289 648 2296 .
668 2264 882 2295 censuissent
899 2273 964 2294 om.
981 2262 1082 2293 DLA
1217 2262 1259 2293 iis
1275 2261 1457 2293 MHTA²:
1479 2261 1535 2293 his
1546 2260 1639 2293 PFO

359 2318 377 2346 4
404 2318 560 2339 mensum
586 2307 847 2340 M?PFHDL:
872 2306 1039 2337 mensium
1065 2304 1118 2336 M¹
1140 2305 1194 2337 uel
1216 2303 1481 2346 M²F³UpOTA

293 2360 312 2390 5
338 2350 388 2382 usi
414 2350 696 2392 MPFUpOHffl
722 2350 775 2381 uel
796 2349 880 2381 D¹A
908 2350 962 2391 (cs.
990 2360 1057 2391 e.g.
1082 2359 1110 2389 7.
1129 2359 1181 2389 37.
1206 2360 1236 2389 4,
1264 2349 1416 2390 sedfor!.
1444 2352 1521 2380 recte
1543 2348 1637 2380 usuri

293 2394 422 2434 scripsit
445 2393 600 2426 Mada&
632 2406 695 2425 usu
727 2394 818 2426 TDL
979 2395 1001 2424 6
1024 2403 1099 2424 cum
1130 2391 1179 2424 Αῑ
1204 2393 1258 2424 uel
1278 2393 1356 2424 Αἲξ
1387 2398 1456 2424 tum
1481 2392 1639 2434 MPRue

295 2438 438 2475 uidetur)
447 2438 739 2478 UpOHTDLA?,
760 2437 819 2469 sed
832 2441 907 2469 ante
924 2441 992 2469 tum
1007 2441 1170 2478 punctum
1187 2437 1338 2468 exhibent
1352 2436 1482 2468 P²F⁸O
