1722 2748
419 115 538 172 *AB
568 134 718 172 VRBE
749 133 1010 174 CONDITA
1282 135 1341 172 VI
1363 144 1409 172 10
1433 149 1447 172 1

74 257 215 284 norum
243 245 438 296 prodente
462 244 663 284 ciuitatem
696 245 798 283 facta
826 251 907 283 erat
932 244 1084 284 deditio
1100 259 1110 293 3
1144 244 1246 284 mitti
1277 252 1411 285 tamen
1433 260 1448 282 2

73 310 125 349 ad
154 310 351 361 principes
382 323 519 349 eorum
550 309 697 361 placuit
730 317 773 348 ut
804 319 1051 350 secernerent
1082 311 1205 362 seqab
1236 309 1412 361 Etruscis

73 377 276 427 fidemque
305 389 424 426 quam
452 375 728 427 implorassent
755 375 806 414 ab
836 374 1030 415 Romanis
1057 374 1130 426 ipsi
1157 382 1410 427 praestarent.

73 442 193 481 Vnde
223 454 315 480 cum
347 454 582 492 responsum
617 441 779 480 allatum
814 449 917 481 esset
948 440 1047 480 nihil
1081 454 1175 480 suae
1206 441 1412 493 potestatis
1431 451 1450 483 3

74 519 172 555 esse,
194 507 384 546 Etruscos
406 506 564 545 moenia
584 506 867 557 custodiasque
889 513 1088 557 portarum
1116 514 1260 555 tenere,
1283 507 1413 559 primo

74 571 398 623 populationibus
429 570 509 623 agri
536 579 658 611 terror
683 578 742 611 est
769 571 980 622 oppidanis
1003 573 1190 612 admotus
1207 587 1219 621 3
1251 572 1409 622 deinde,
1432 591 1452 621 4

73 645 286 688 postquam
324 636 539 677 deditionis
574 650 695 688 quam
734 637 933 676 societatis
974 639 1072 677 fides
1108 640 1280 678 sanctior
1317 646 1410 689 erat,

0 704 11 758 J
74 701 246 742 fascibus
277 710 565 743 sarmentorum
597 717 644 743 ex
674 716 768 754 agro
799 703 966 743 conlatis
997 705 1140 743 ductus
1170 706 1223 744 ad
1254 704 1414 745 moenia

74 768 266 809 exercitus
300 768 589 820 completisque
626 769 741 809 fossis
779 771 908 809 scalae
945 771 1132 810 admotae
1169 777 1209 810 et
1242 772 1414 811 clamore

74 834 202 887 primo
222 834 454 886 impetuque
474 836 667 886 oppidum
688 835 852 886 capitur.
899 835 1111 887 Nepesinis
1127 837 1221 876 inde
1236 836 1414 877 edictum
1434 852 1452 885 5

74 908 117 940 ut
150 913 259 939 arma
292 907 443 951 ponant
477 901 664 952 parcique
698 900 848 939 iussum
883 900 1047 940 inermi:
1084 901 1240 941 Etrusci
1273 902 1416 953 pariter

0 965 13 1002 ἐ·
73 965 212 1006 armati
231 973 351 1016 atque
372 967 542 1005 inermes
563 966 677 1005 caesi.
739 966 1031 1017 Nepesinorum
1054 980 1214 1018 quoque
1233 975 1415 1008 auctores

0 1023 20 1109 ,ἐξ
74 1030 291 1072 deditionis
311 1031 438 1071 securi
458 1032 656 1083 percussi:
687 1031 870 1072 innoxiae
892 1032 1135 1072 multitudini
1155 1033 1334 1073 redditae
1354 1046 1415 1074 res

75 1097 350 1149 oppidumque
384 1110 476 1137 cum
515 1097 713 1149 praesidio
749 1099 942 1138 relictum.
1002 1100 1064 1138 Ita
1102 1098 1258 1139 duabus
1298 1099 1415 1139 sociis
1434 1107 1455 1140 6

76 1162 240 1204 urbibus
267 1177 315 1203 ex
343 1164 458 1203 hoste
488 1164 655 1215 receptis
682 1165 873 1204 uictorem
901 1165 1117 1204 'exercitum
1145 1164 1292 1205 tribuni
1322 1178 1415 1205 cum

4 1237 20 1286 23}
77 1242 220 1280 magna
238 1228 362 1280 gloria
383 1230 556 1269 Romam
577 1230 828 1269 reduxerunt.

132 1302 290 1341 Eodem
311 1314 418 1340 anno
438 1301 490 1340 ab
513 1300 663 1340 Latinis
690 1300 955 1352 Hernicisque
976 1315 1036 1341 res
1056 1301 1245 1353 repetitae
1265 1301 1417 1354 quaesi-

0 1372 30 1425 ᾖ
77 1375 243 1419 tumque
263 1381 333 1406 cur
360 1381 429 1419 per
453 1380 521 1406 eos
548 1380 675 1406 annos
704 1366 867 1406 militem
897 1381 944 1407 ex
970 1367 1152 1407 instituto
1178 1382 1260 1408 non
1288 1368 1418 1408 dedis-

0 1428 28 1452 Ψ
77 1441 175 1473 sent.
239 1435 495 1485 Responsum
533 1432 727 1484 frequenti
764 1432 968 1483 utriusque
1001 1434 1129 1484 gentis
1158 1434 1329 1474 concilio
1358 1441 1456 1479 est?

77 1511 152 1538 nec
171 1499 331 1550 culpam
352 1499 391 1537 in
413 1512 463 1538 eo
485 1497 684 1549 publicam
706 1511 781 1537 nec
809 1498 1020 1537 consilium
1045 1498 1165 1538 fuisse
1191 1500 1300 1550 quod
1325 1512 1419 1539 suae

29 1583 33 1590 ·-
78 1563 294 1604 iuuentutis
310 1564 432 1615 aliqui
454 1565 563 1614 apud
579 1564 747 1602 Volscos
769 1563 1023 1603 militauerint
1038 1579 1048 1613 3
1077 1578 1146 1604 eos
1163 1571 1296 1605 tamen
1312 1566 1420 1617 ipsos
1439 1577 1457 1607 8

78 1631 188 1683 praui
208 1631 363 1671 consilii
385 1644 557 1683 poenam
577 1631 723 1670 habere
739 1644 813 1670 nec
833 1644 1076 1681 quemquam
1094 1644 1140 1670 ex
1156 1631 1216 1670 his
1232 1633 1420 1672 reducem

31 1698 34 1699 ⁷
79 1711 191 1746 esse3
225 1698 358 1738 militis
385 1707 518 1739 autem
547 1712 627 1739 non
657 1697 739 1737 dati
767 1710 926 1736 causam
958 1704 1143 1736 terrorem
1168 1697 1372 1737 assiduum
1398 1711 1422 1736 a

35 1760 37 1762 ’
80 1763 236 1802 Volscis
257 1763 387 1812 fuisse,
404 1777 523 1815 quam
541 1773 691 1815 pestem
713 1764 995 1804 adhaerentem
1017 1762 1125 1802 lateri
1143 1766 1215 1802 silo
1232 1770 1290 1802 tot
1305 1775 1423 1814 super

22 1866 25 1868 .
78 1829 154 1867 alia
187 1828 274 1868 aliis
305 1829 419 1869 bellis
454 1830 646 1870 exhauriri
682 1829 878 1882 nequisse.
943 1829 1059 1879 Quae
1093 1830 1213 1869 relata
1245 1829 1420 1882 patribus
1441 1844 1460 1876 9

17 1886 19 1903 ³
41 1914 49 1943 χ
81 1894 202 1945 magis
223 1902 380 1947 tempus
401 1909 521 1947 quam
543 1910 702 1936 causam
727 1910 808 1936 non
830 1895 915 1935 uisa
938 1894 1030 1934 belli
1051 1895 1221 1953 habere?

22 2001 24 2008 ²
50 2007 51 2010 ’
124 2009 142 2039 7
167 2000 314 2032 concilio
334 2001 725 2042 MPUpOEHTDLA.
717 2014 725 2022 ·
751 2003 894 2035 consilio
914 2001 975 2034 FB
993 2001 1065 2033 dett.
1088 2000 1164 2041 aliq.
1330 2001 1363 2031 in
1380 2010 1422 2032 eo

24 2072 26 2075 .
49 2047 57 2063 ·'
79 2042 379 2076 MOEHTDLA:
405 2056 445 2076 eo
462 2044 611 2086 PFUpB
743 2049 763 2079 8
787 2058 828 2079 ex
847 2047 901 2077 his
921 2011 1277 2077 MPFBOEHTDL.
1301 2054 1345 2076 ex
1358 2044 1424 2076 hiis

44 2103 58 2123 ;ι,
79 2086 113 2117 Α
131 2098 140 2119 :
162 2098 205 2119 ex
227 2087 269 2119 iis
289 2087 483 2130 Wesenberg
498 2089 572 2129 (sed
589 2089 627 2121 de
642 2090 697 2121 hic
719 2091 754 2122 in
775 2094 848 2122 orat
873 2090 967 2130 obliq.
983 2089 1021 2130 ςίῖ
1033 2099 1063 2129 5.
1076 2099 1106 2121 2.
1124 2091 1144 2120 8
1171 2099 1246 2120 cum
1268 2087 1424 2119 Weissen-

46 2131 61 2161 's
81 2129 202 2170 bor-mo,
229 2135 303 2172 et5.
326 2142 374 2165 11.
394 2142 453 2171 ης
477 2134 529 2172 38.
549 2145 602 2173 42.
622 2144 661 2165 lo
684 2144 760 2166 cum
778 2134 825 2166 H.
837 2134 871 2174 J.
892 2133 1076 2183 Muellfrro).
1129 2131 1209 2173 (Hzc
1223 2132 1326 2174 digna
1342 2142 1427 2172 quae

45 2210 63 2234 ³³
82 2185 260 2207 memorem
292 2175 359 2207 duo
380 2177 529 2218 exempla
554 2188 589 2208 m
620 2177 662 2208 M
690 2178 818 2210 ordinis
849 2178 968 2209 Lati'm
987 2188 1022 2208 m
1048 2187 1150 2208 usum
1179 2187 1246 2207 non
1270 2175 1430 2217 Delphmi

40 2219 66 2288 3}
60 2215 212 2260 quadem
231 2219 291 2251 sed
310 2220 427 2252 tironis
450 2221 551 2252 nesa’o
572 2231 667 2253 cutus
687 2233 708 2253 a
726 2222 783 2253 Mt
799 2222 907 2264 signis
931 2221 1113 2261 immutata,
1134 2230 1200 2252 εισι
1222 2230 1425 2261 responsum

55 2261 250 2322 frequenti
283 2281 459 2322 utriusque
492 2281 605 2322 gentis
637 2263 780 2314 coricilio
811 2283 865 2315 est
898 2283 933 2322 (ξ
967 2285 1013 2323 7),
1049 2283 1072 2314 i.
1083 2293 1107 2315 e.
1142 2291 1342 2332 responsum
1372 2286 1426 2314 est

40 2339 66 2382 ζ,
70 2331 249 2373 frequenti
273 2330 420 2368 concilio
426 2337 620 2378 utriusque
644 2337 776 2378 gentis;
803 2341 833 2369 et
858 2337 1008 2379 patribus
1032 2337 1139 2378 magis
1164 2338 1299 2389 tempus
1323 2347 1423 2378 quam

59 2386 216 2409 causam
230 2387 296 2410 non
311 2381 384 2412 uisa
397 2370 476 2412 belli
493 2380 619 2412 habere
635 2383 667 2419 (ξ
683 2381 730 2422 o),
748 2382 768 2414 i.
779 2392 803 2413 e.
819 2381 971 2422 patribus
988 2391 1056 2412 non
1075 2382 1148 2413 uisa
1166 2382 1273 2422 magis
1289 2386 1425 2422 tempus

0 2423 2 2425 ’
44 2422 48 2429 “’
55 2413 161 2462 {belli
177 2431 275 2462 quam
293 2434 429 2457 causam
446 2424 573 2456 habere
590 2424 644 2457 uel
656 2425 764 2457 sumile
778 2425 868 2466 qmd,
888 2426 926 2466 cf.
945 2437 968 2458 c.
989 2435 1036 2465 ¹9·
1055 2436 1074 2465 4
1090 2425 1168 2459 adn.
1183 2426 1231 2458 ad
1244 2427 1407 2468 eundem)

47 2468 73 2524 i
68 2494 78 2502 -»
153 2488 209 2510 ui-
215 2490 245 2511 34
1315 2470 1338 2503 2
