1722 2748
455 138 527 175 AB
557 138 709 175 VRBE
740 138 1000 176 CONDrrA
1268 141 1326 178 VI
1344 140 1395 188 38
1419 154 1435 189 ,κ

55 247 220 287 dissolui
248 261 331 288 non
358 247 508 300 patiar)
524 274 540 287 t
617 247 821 286 Aduersus
851 261 898 287 ea
924 262 1015 287 cum
1041 251 1303 301 contemptim
1333 250 1395 290 tri·
1417 261 1434 291 8

0 325 3 328 ’
55 313 152 352 buni
172 313 300 365 plebis
320 326 404 353 rem
430 311 555 352 nihilo
582 311 741 363 segnius
765 321 1009 373 peragerent,
1031 322 1116 353 tum
1141 315 1312 365 percitus
1339 316 1395 355 ira

0 424 2 426 v
55 379 247 419 Camillus
267 379 425 419 lictores
445 378 514 430 qui
535 379 586 419 de
612 378 746 418 medio
773 379 934 430 plebem
964 389 1208 433 emouerent,
1223 382 1328 421 misit
1356 390 1395 422 et

0 433 3 436 ,
53 444 209 484 addidit
247 443 386 493 minas,
427 444 458 484 si
500 451 716 495 pergerent,
755 452 1004 484 sacramento
1043 459 1183 486 omnes
1223 446 1395 487 iuniores

0 509 3 545 Ϊ
53 512 287 550 adacturum
331 509 627 561 exercitumque
674 512 874 562 extemplo
917 524 965 550 ex
1003 511 1101 550 urbe
1145 513 1391 553 educturum.

0 619 1 622 Ἴ
53 578 261 623 Terrorem
277 576 477 627 ingentem
494 575 710 615 incusserat
726 576 833 627 plebi
850 592 858 616 :
883 575 1055 616 ducibus
1071 577 1199 629 plebis
1212 578 1394 618 accendit
1414 594 1434 626 9

54 642 429 695 magis-certamine
468 641 622 681 animos
662 655 784 693 quam
825 642 978 682 minuit.
1053 644 1132 683 Sed
1172 658 1213 683 re
1251 652 1393 684 neutro

52 708 241 750 inclinata
261 709 488 759 magistratu
509 721 551 747 se
570 707 784 756 abdicauit,
810 722 880 747 seu
901 707 995 759 quia
1014 708 1113 748 uitio
1128 717 1282 750 creatus
1298 718 1391 760 erat,

0 783 4 793 ”
52 783 96 814 ut
127 775 316 824 scripsere
347 774 521 824 quidam,
559 786 628 812 seu
664 772 757 824 quia
794 773 940 813 tribuni
975 773 1102 825 plebis
1134 777 1307 816 tulerunt
1342 777 1393 816 ad

0 836 6 877 ἱ
53 840 210 892 plebem
241 838 363 890 idque
392 839 505 890 plebs
536 838 661 887 sciuit,
691 846 746 887 ut,
779 838 809 878 si
844 841 899 878 M.
932 839 1072 879 Furius
1102 854 1174 892 pro
1203 841 1394 882 dictatore

0 880 9 984 ἱ
51 905 150 958 quid
165 904 318 956 egisset,
336 904 596 955 quingentum
614 904 765 943 milium
781 904 816 944 ei
834 906 957 944 multa
973 913 1075 945 esset
1090 921 1100 954 3
1124 908 1195 946 sed
1209 907 1393 958 auspiciis
1417 924 1458 946 ιο

0 985 11 1035 3
53 970 176 1023 magis
206 983 325 1022 quam
357 971 450 1009 noui
485 970 654 1021 exempli
687 970 891 1021 rogatione
921 970 1153 1010 deterritum
1188 980 1230 1012 ut
1263 974 1393 1024 potius

52 1038 224 1084 credam,
241 1048 331 1074 cum
353 1035 473 1086 ipsius
494 1035 566 1074 uiri
584 1035 675 1074 facit
695 1035 910 1086 ingenium,
929 1044 1012 1075 tum
1030 1038 1139 1087 quod
1156 1037 1191 1077 ei
1207 1040 1392 1078 suffectus

0 1095 7 1152 Ji
51 1111 111 1144 est
130 1103 331 1154 extemplo
352 1104 393 1141 P.
419 1101 595 1141 Manlius
619 1103 965 1152 dictator—quem
991 1102 1088 1153 quid
1116 1103 1235 1143 creari
1256 1104 1392 1144 attine-

0 1154 13 1221 {5
53 1170 121 1209 bat
146 1169 199 1213 ad
224 1168 266 1208 id
294 1175 495 1207 certamen
517 1181 599 1219 quo
622 1169 678 1206 M.
706 1167 846 1206 Furius
876 1167 1005 1207 uictus
1034 1175 1135 1208 esset
1149 1170 1259 1209 ?—et
1283 1170 1392 1221 quod
1417 1185 1449 1208 ιι

0 1226 11 1265 ῗ·
52 1236 225 1275 eundem
261 1235 320 1273 M.
357 1232 518 1272 Furium
558 1233 794 1273 dictatorem
831 1234 1045 1284 insequens
1078 1247 1207 1274 annus
1241 1234 1391 1284 habuit,

0 1271 16 1347 i.
52 1301 159 1341 haud
180 1301 264 1340 sine
283 1301 436 1352 pudore
457 1308 562 1339 certe
583 1301 750 1339 fractum
774 1298 903 1350 priore
922 1312 1030 1338 anno
1050 1299 1090 1338 in
1116 1314 1158 1339 se
1183 1300 1391 1352 imperium

0 1381 15 1426 t?
52 1366 333 1418 repetiturum
363 1364 478 1404 simul
499 1366 610 1416 quod
635 1378 683 1404 eo
705 1371 884 1415 tempore
917 1378 998 1415 quo
1025 1367 1316 1418 promulgatum
1342 1368 1393 1407 de
1420 1386 1453 1407 12

0 1438 18 1483 ξ
52 1434 176 1472 multa
191 1431 279 1472 'ei'us
299 1431 462 1471 traditur
481 1439 548 1470 aut
570 1438 608 1470 et
628 1430 722 1469 huic
747 1430 952 1481 rogationi,
975 1444 1053 1481 qua
1075 1445 1117 1471 se
1144 1432 1185 1471 in
1211 1434 1392 1472 ordinem

0 1490 10 1542 ἶ
50 1497 140 1548 cogi
168 1496 342 1544 uidebat,
369 1496 559 1536 obsistere
589 1496 718 1547 potuit
751 1503 818 1534 aut
849 1509 901 1535 ne
930 1495 1015 1535 illas
1045 1497 1208 1547 quidem
1237 1506 1395 1550 propter
1420 1513 1456 1544 13

0 1566 19 1613 ³³²2
51 1576 150 1614 quas
165 1570 204 1603 et
216 1563 316 1602 haec
332 1564 409 1602 lata
423 1571 504 1602 erat
517 1562 710 1613 impedire
724 1576 735 1611 ;
773 1569 813 1600 et
830 1563 939 1612 quod
957 1575 1083 1612 usque
1098 1563 1150 1602 ad
1166 1563 1394 1603 memoriam

51 1635 225 1671 nostram
264 1627 482 1668 tribuniciis
522 1627 879 1678 consularibusque
918 1635 1109 1666 certatum
1145 1629 1293 1669 uiribus
1324 1638 1394 1678 est,

0 1682 23 1734 'i
50 1694 268 1734 dictaturae
289 1706 444 1745 semper
462 1693 576 1732 altius
598 1693 795 1744 fastigium
819 1693 901 1732 fuit.

0 1727 21 1811 l:-
107 1759 403 1811 Inter'priorem
424 1759 659 1799 dictaturam
690 1758 917 1798 abdicatam
946 1771 1176 1811 nouamque
1202 1774 1223 1800 a
1245 1763 1400 1802 Manlio
1421 1773 1476 1814 39

51 1823 189 1864 initam
219 1825 272 1864 ab
305 1824 474 1864 tribunis
505 1827 612 1865 uelut
646 1838 718 1877 per
759 1824 1026 1876 interregnum
1070 1827 1242 1867 concilio
1275 1828 1402 1880 plebis

52 1891 190 1931 habito
217 1891 396 1942 apparuit
425 1898 527 1944 quae
555 1906 603 1932 ex
631 1891 888 1945 promulgatis
926 1891 1046 1942 plebi,
1081 1906 1183 1943 quae
1213 1894 1402 1935 latoribus

12 1956 31 2010 -‘·j¹
51 1958 219 2008 gratiora
257 1965 398 1998 essent.
459 1960 563 1998 Nam
602 1960 653 1999 de
692 1961 828 2000 fenore
873 1965 993 2008 atque
1043 1971 1137 2008 agro
1179 1959 1402 2010 rogationes
1424 1976 1439 1998 2

52 2021 253 2072 iubebant,
295 2025 344 2063 de
391 2025 548 2076 plebeio
595 2028 757 2066 consule
806 2025 1074 2076 antiquabant
1095 2039 1105 2073 ;
1151 2032 1192 2064 et
1232 2011 1405 2076 perfecta

18 2099 22 2130 p
52 2094 218 2139 utraque
246 2101 307 2128 res
337 2098 455 2139 esset,
485 2092 523 2130 ni
553 2091 698 2130 tribuni
730 2105 771 2131 se
803 2093 842 2130 in
878 2092 1012 2130 onmia
1049 2090 1166 2128 simul
1199 2093 1406 2131 consulere

52 2154 211 2205 plebem
228 2155 428 2197 dixissent.
471 2159 511 2196 P.
532 2157 706 2196 Manlius
722 2158 870 2197 deinde
890 2157 1058 2196 dictator
1085 2170 1166 2196 rem
1189 2158 1228 2196 in
1247 2171 1404 2196 causam
1429 2172 1445 2201 3

33 2215 39 2229 ²
53 2219 180 2271 plebis
214 2219 417 2262 inclinauit
451 2223 496 2263 C.
532 2222 696 2271 Licinio,
732 2223 799 2274 qui
833 2223 1014 2263 tribunus
1055 2224 1224 2263 militum
1271 2225 1405 2271 suerat,

26 2327 27 2330 ,
53 2287 239 2336 magistro
269 2288 446 2338 equitum
477 2289 676 2348 de-plebe
706 2289 824 2328 dicto.
889 2291 937 2328 Id
963 2301 1077 2340 aegre
1106 2298 1234 2340 patres
1271 2303 1407 2340 passos
1429 2308 1448 2336 4

97 2393 118 2423 8
142 2393 364 2431 contemptim
382 2392 642 2435 PFUpBOTA²
661 2394 714 2425 uel
733 2394 781 2424 A⁴
798 2406 805 2426 :
830 2395 1018 2434 contempti
1038 2394 1106 2427 ML
1124 2407 1132 2427 ε
1157 2397 1323 2427 contemti
1343 2397 1375 2426 A
1400 2408 1406 2426 :

52 2436 207 2467 contenti
219 2435 292 2466 HD
425 2448 445 2475 9
462 2438 590 2469 animos
603 2448 700 2478 quam
714 2438 831 2470 minuit
843 2449 909 2470 om.
926 2438 965 2469 H
978 2438 1028 2478 ‘cf
1044 2450 1066 2471 c.
1080 2450 1132 2478 40.
1152 2442 1202 2474 10]
1218 2452 1226 2472 ε
1245 2444 1298 2472 ret.
1313 2442 1407 2472 ceteri
