1722 2748
67 232 382 283 Tiburtibusque
414 232 467 271 ad
501 231 746 270 deditionem
781 237 1012 282 pugnatum.
1072 232 1231 270 Sassula
1264 244 1312 270 ex
1345 231 1406 270 his

66 298 160 337 urbs
181 306 297 349 capta
311 311 323 346 ;
350 304 563 348 ceteraque
582 296 730 348 oppida
750 297 920 336 eandem
941 298 1140 337 fortunam
1160 296 1404 346 habuissent,

65 362 107 402 ni
135 363 322 403 uniuersa
349 376 445 414 gens
474 362 614 414 positis
640 361 759 401 armis
788 361 829 400 in
859 363 980 402 fidem
1015 361 1190 402 consulis
1219 361 1404 402 uenisset

65 428 375 480 Triumphatum
406 429 458 468 de
490 427 748 476 Tiburtibus,
782 426 959 491 alioquin
991 427 1095 466 mitis
1125 426 1291 467 uictoria
1319 428 1404 466 fuit.
1430 445 1444 466 2

66 496 116 534 In
129 494 439 546 Tarquinienses
459 494 601 534 acerbe
617 493 837 542 saeuitum3
866 485 999 536 multis
1016 493 1274 533 mortalibus
1265 507 1305 532 m
1321 493 1406 533 acie

67 561 193 600 caesis
213 574 261 600 ex
280 559 431 611 ingenti
457 559 706 611 captiuorum
731 572 898 598 numero
924 558 1090 598 trecenti
1118 558 1406 610 quinquaginta

67 634 161 666 octo
181 626 337 674 delecti,
356 625 627 665 nobilissimus
649 625 827 676 quisque,
847 625 915 676 qui
937 627 1111 665 Romam
1134 625 1381 665 mitterentur
1394 641 1406 675 3

10 698 26 725 ξ
67 694 206 743 uolgus
236 691 345 730 aliud
376 691 625 730 trucidatum.
685 692 772 730 Nec
805 692 976 742 populus
1015 691 1055 729 in
1091 704 1159 730 eos
1194 690 1262 742 qui
1296 691 1404 731 missi
1428 700 1444 731 3

22 790 26 794 ,
67 759 241 796 Romam
263 763 373 796 erant
394 755 525 795 mitior
545 757 640 795 suit:
671 755 805 795 medio
826 756 867 794 in
888 757 973 795 foro
994 769 1134 795 omnes
1158 756 1276 807 uirgis
1300 756 1403 796 caesi

25 835 27 839 ¹
65 837 112 862 ae
132 821 259 862 securi
274 823 462 873 percussi.
521 823 569 861 Id
586 835 656 873 pro
670 821 884 861 immolatis
901 823 941 861 in
955 824 1040 862 foro
1056 821 1405 873 Tarquiniensium

0 892 29 958 ἒ
67 887 263 929 Romanis
283 901 437 939 poenae
457 888 638 926 hostibus
659 887 870 928 redditum.
930 889 1011 928 Res
1031 889 1138 927 bello
1153 887 1257 927 bene
1272 895 1406 939 gestae
1426 896 1446 926 4

0 957 26 1015 ξ
65 961 109 995 ut
128 953 324 995 Samnites
345 967 506 1005 quoque
525 953 739 993 amicitiam
760 961 940 1005 peterent
960 955 1186 994 effecerunt.
1246 953 1403 1005 Legatis

0 1020 27 1054 ’Ἣ
65 1033 204 1060 eorum
223 1019 390 1060 comiter
408 1019 460 1059 ab
481 1027 620 1060 senatu
640 1033 874 1072 responsum
890 1035 901 1070 ;
930 1021 1090 1061 foedere
1110 1019 1150 1059 in
1172 1021 1402 1060 societatem

65 1087 230 1137 accepti.

120 1153 216 1191 Non
263 1152 406 1192 eadem
454 1150 566 1191 domi
611 1164 714 1202 quae
760 1151 923 1192 militiae
968 1146 1126 1191 fortuna
1172 1157 1254 1191 erat
1296 1151 1403 1203 plebi
1425 1165 1443 1196 5

6 1235 29 1256 .=
67 1218 286 1256 Romanae.
346 1218 452 1256 Nam
486 1215 559 1256 etsi
597 1217 774 1256 unciario
809 1218 944 1256 fenore
982 1218 1087 1256 facto
1125 1218 1257 1256 leuata
1287 1229 1405 1256 usura

21 1301 26 1315 ι
65 1290 158 1329 erat,
187 1289 291 1321 sorte
319 1283 404 1332 ipsa
429 1281 702 1321 obruebantur
725 1281 865 1333 inopes
893 1294 1120 1333 nexumque
1146 1280 1323 1330 inibant;
1354 1295 1403 1322 eo

20 1342 30 1394 ζ-
66 1360 141 1386 nec
184 1345 369 1398 patricios
406 1346 528 1386 ambo
573 1347 757 1386 consules
802 1361 933 1398 neque
971 1346 1225 1386 comitiorum
1267 1352 1402 1386 curam

9 1414 33 1462 'j
65 1412 276 1464 publicaue
292 1411 422 1452 studia
438 1425 530 1463 prae
550 1411 711 1464 priuatis
732 1412 1000 1453 incommodis
1019 1413 1132 1465 plebs
1152 1413 1204 1452 ad
1223 1413 1401 1452 animum

25 1506 33 1510 =
64 1476 312 1517 admittebat.
363 1477 603 1517 Consulatus
618 1485 784 1529 uterque
798 1479 905 1530 apud
922 1477 1105 1530 patricios
1122 1484 1256 1517 manet
1272 1492 1283 1527 3
1311 1490 1404 1516 con·
1423 1484 1444 1516 6

15 1547 34 1595 3
65 1543 169 1582 sules
207 1540 326 1582 creati
366 1542 411 1583 C.
454 1542 650 1594 Sulpicius
697 1543 854 1583 Peticus
901 1551 1084 1595 quartum
1123 1544 1181 1582 M.
1221 1542 1402 1582 Valerius

15 1614 41 1658 j,
66 1607 272 1648 Publicola
291 1607 444 1648 iterum.

18 1668 41 1732 {J
120 1674 171 1713 In
198 1673 347 1713 bellum
378 1675 590 1713 Etruscum
620 1673 813 1714 intentam
842 1674 1055 1723 ciuitatem,
1082 1674 1176 1726 quia
1202 1674 1400 1716 Caeritem

19 1735 44 1790 {f
65 1740 258 1791 populum
286 1738 553 1779 misericordia
581 1739 934 1792 consanguinitatis
958 1740 1312 1792 Tarquiniensibus
1336 1741 1402 1781 ad-

20 1802 42 1848 ξ
65 1803 245 1844 iunctum
270 1805 374 1844 fama
401 1805 562 1854 ferebat,
592 1806 709 1858 legati
736 1805 867 1845 Latini
889 1806 942 1846 ad
965 1807 1134 1846 Volscos
1158 1813 1400 1854 conuertere,

39 1870 293 1910 enuntiantes
331 1871 545 1911 exercitum
584 1872 851 1924 conscriptum
891 1879 1167 1925 armatumque
1205 1872 1283 1912 iam
1322 1872 1402 1912 suis

49 1936 212 1983 *finibus
231 1936 438 1978 imminere
453 1953 464 1988 3
492 1938 586 1979 inde
611 1939 917 1991 populabundos
946 1938 986 1977 in
1015 1952 1150 1990 agrum
1174 1942 1402 1980 Romanurn

3 2013 10 2053 ·1¹
27 2012 48 2062 ἦ
65 2009 253 2042 uenturos
274 2014 370 2042 esse.
432 2004 597 2044 Censuit
613 2003 727 2055 igitur
743 2012 902 2044 senatus
918 2011 1098 2043 neutram
1116 2005 1402 2056 neglegendam
1426 2020 1444 2052 7

0 2070 4 2078 '
32 2058 39 2103 s
45 2080 147 2106 rem
173 2080 285 2117 esse3
314 2075 482 2119 utroque
510 2069 684 2121 legiones
715 2069 833 2109 scribi
866 2070 1132 2120 consulesque
1162 2069 1289 2110 sortiri
1318 2084 1403 2121 pro-

28 2115 47 2172 ἦ

0 0 23 249 Ι
466 122 537 159 AB
568 121 719 159 VRBE
751 121 1012 160 CONDITA
1247 122 1329 160 VII
1353 131 1402 168 19
1429 136 1440 158 1

0 246 22 281 ἔ
1141 195 1145 198 .

0 279 19 514 ἑ

30 2152 208 2207 Ἰἒ’.-ἷ.1ῑ1ιιί)ενιέ
232 2177 263 2205 et
283 2173 384 2206 codice
411 2173 543 2206 Gaertn.
575 2177 605 2205 et
627 2174 661 2205 A
689 2178 822 2206 correcto
847 2174 908 2214 qui
933 2172 1196 2214 dtttographtam
1225 2174 1402 2215 antiquam

0 2251 3 2258 .
30 2191 222 2248 &uidentur
238 2219 389 2250 retitnere
411 2217 713 2258 Tarquiniensibus
736 2217 1001 2257 Tiburtibusque
1026 2227 1101 2248 cum
1123 2216 1321 2250 Tiburtibus
1340 2219 1403 2259 Ax,

10 2278 13 2288 ι
35 2278 50 2289 »ι
51 2259 363 2303 Tarquiniensibus
375 2261 639 2301 Tiburtibusque
654 2271 730 2293 cum
745 2261 940 2293 Tiburtibus
959 2270 1065 2300 usque
1081 2259 1220 2302 Fragm.
1235 2260 1405 2294 Haverk..

32 2290 368 2353 {Tarquiniensibus
394 2305 657 2346 Tiburtibusque
685 2315 792 2345 usque
820 2304 886 2336 cod.
919 2304 1062 2338 Gaertn.
1093 2304 1180 2336 unde
1207 2305 1405 2337 Tiburtibus

10 2368 13 2373 ‹
38 2357 172 2389 7-usque
194 2348 324 2399 Madv.
346 2348 406 2380 sed
426 2349 512 2380 mi‘ln
531 2349 590 2380 hoc
611 2359 719 2389 usque
740 2349 820 2389 plus
839 2348 1020 2390 grauitatis
1043 2347 1121 2378 dare
1145 2347 1277 2380 uidetur
1301 2360 1404 2390 quam

1 2404 6 2409 ⁷
53 2396 123 2435 pro
137 2392 189 2423 his
204 2391 313 2424 bellis:
311 2373 603 2433 Tiburtibusque
620 2391 724 2423 MPF
723 2391 851 2432 UpOH
855 2391 981 2422 TDLA

1279 2455 1315 2483 7*
