1722 2748
794 162 1116 211 PRAEFATIO

287 279 453 317 tandum
484 284 541 317 est
572 276 667 328 quin
697 273 917 315 Veronensi
947 273 1020 324 ipsi
1052 274 1220 312 similem
1251 271 1432 312 habuerit
1461 273 1641 311 sormam·

287 344 485 394 exemplar
506 342 600 381 eius.

343 409 398 461 (b)
430 409 539 447 Inter
559 406 735 454 uirtutes,
759 412 802 444 ut
822 404 877 444 ita
897 405 1041 453 dicam,
1064 403 1216 444 codicis
1237 401 1478 443 Oxoniensis
1493 415 1630 443 nume-

288 475 434 513 randae
450 481 541 512 sunt
554 473 656 512 duae
671 471 907 510 omissiones
923 485 931 510 :
961 483 1011 508 ex
1021 470 1147 520 pallia
1165 470 1267 508 tribu
1283 469 1400 508 candi
1409 466 1462 520 (8.
1483 480 1546 519 37.
1565 467 1631 520 12)

288 547 326 578 et
352 553 468 589 quam
489 539 654 576 tribunis
680 538 847 575 militum
879 535 936 586 (8.
958 549 1020 585 31.
1042 534 1109 586 6):
1140 548 1189 573 ex
1215 533 1282 573 illa
1307 533 1524 573 omissione
1547 546 1630 573 non

289 606 417 643 solum
448 617 527 642 una
553 615 671 641 causa
698 603 1009 652 corruptelarum
1037 599 1115 639 loci
1145 599 1268 650 ipsius
1298 598 1339 637 in
1365 600 1456 638 cdd.
1486 597 1630 639 nostris

289 669 524 708 exstantium
552 675 724 719 apparet,
754 668 825 707 sed
853 666 983 714 etiam,
1014 665 1244 717 praesertim
1271 678 1364 704 cum
1390 665 1490 704 haec
1510 665 1630 704 altera

289 734 475 774 omissio¹
496 733 710 773 coniuncta
737 732 797 781 sit,
816 733 932 772 datur
959 731 1072 783 quasi
1099 731 1222 771 clauis
1243 744 1323 782 qua
1343 737 1493 770 secreta
1513 743 1630 781 quae-

289 802 382 841 dam
403 806 622 840 reserentur
641 797 897 849 antiquitatis,
958 798 1069 836 Dum
1089 796 1198 836 enim
1218 809 1367 847 quaero
1386 797 1632 836 admonente

289 867 457 906 Alberto
484 866 615 913 Clark,
646 863 778 904 amico
807 864 1054 911 doctissimo,
1086 862 1194 914 quali
1224 863 1351 901 forma
1380 862 1497 901 suerit
1525 860 1631 900 codi-

290 947 382 972 cum
399 939 624 971 nostrorum
640 930 850 982 exemplar,
870 942 964 969 ecce
985 936 1078 968 ante
1099 929 1238 968 oculos
1253 927 1387 979 prodit
1404 927 1523 978 plena
1541 927 1631 967 luce

290 998 497 1038 manifesta
515 1014 521 1037 :
553 997 595 1036 in
615 1004 756 1036 neutro
776 997 868 1035 loco
881 1003 940 1035 est
955 994 1172 1035 litterarum
1190 993 1410 1034 similitudo
1430 992 1631 1045 illaquam

290 1065 409 1106 Clark
423 1067 485 1116 ὀμ.
503 1071 621 1104 uocat
636 1078 646 1112 ;
670 1076 765 1102 casu
778 1060 949 1113 simplici
969 1060 1141 1101 omissae
1156 1067 1249 1100 sunt
1265 1058 1355 1099 xviii
1370 1058 1523 1099 litterae
1537 1073 1548 1108 3
1573 1065 1631 1099 tot

289 1132 435 1171 litteras
457 1131 573 1183 igitur
593 1130 750 1170 uidetur
770 1128 923 1180 cepisse
950 1142 1030 1168 una
1050 1141 1234 1179 quaeque
1261 1126 1366 1167 linea
1385 1125 1536 1167 codicis
1563 1139 1633 1166 un-

289 1198 397 1237 cialis
418 1199 527 1237 unde
546 1198 611 1236 uel
636 1198 671 1237 O
691 1198 753 1236 uel
776 1196 976 1246 exemplar
997 1195 1082 1234 eius
1102 1193 1347 1245 descriptum
1367 1201 1427 1233 est
1441 1207 1453 1243 ;
1481 1191 1644 1233 codicis.

288 1270 422 1303 autem
443 1265 483 1302 in
504 1263 661 1303 duabus
674 1261 871 1301 columnis
891 1259 1026 1312 scripti
1041 1258 1107 1312 (cf.
1126 1248 1160 1300 e.
1169 1273 1204 1311 g.
1228 1260 1319 1299 cdd.
1335 1259 1424 1299 illos
1442 1257 1631 1298 Liuianos

291 1333 525 1377 Puteanum,
561 1331 851 1376 Veronensem,
880 1328 1119 1378 Fragmenta
1153 1327 1340 1365 Romana
1377 1325 1430 1364 ab
1463 1326 1632 1364 Vatasso

289 1394 424 1448 edita).
471 1397 531 1434 Ex
547 1394 632 1434 aliis
653 1394 833 1433 eiusdem
850 1392 1005 1444 generis
1017 1391 1176 1431 indiciis
1197 1392 1305 1431 idern
1319 1390 1478 1430 uidetur
1492 1403 1630 1430 uerum

289 1463 340 1501 de
361 1462 500 1501 ceteris
521 1459 751 1499 codicibus:
783 1458 823 1497 in
852 1472 887 1508 9.
912 1471 974 1508 34.
998 1470 1023 1506 4
1042 1458 1134 1496 lzaec
1153 1469 1254 1507 quae
1266 1457 1444 1506 fenebres
1464 1457 1556 1506 leges
1580 1455 1631 1494 ab

290 1529 352 1573 M,
366 1527 407 1566 in
428 1541 487 1566 10.
506 1538 567 1577 35.
589 1538 633 1575 17
652 1525 828 1564 clausula
847 1524 1013 1574 segniter
1029 1536 1145 1562 arma
1165 1523 1269 1573 capit
1285 1522 1338 1561 ab
1356 1523 1454 1561 MP
1474 1521 1634 1560 uidetur

289 1606 374 1632 esse
404 1591 551 1631 omissa
576 1605 623 1630 ex
651 1589 717 1629 illa
736 1602 857 1629 causa
886 1601 1009 1640 quarn
1038 1594 1158 1628 uocat
1188 1586 1337 1628 Clark²
1372 1586 1462 1626 ‘the
1491 1584 1635 1626 coinci-

289 1660 416 1697 dence
432 1657 478 1695 of
493 1658 553 1707 ὀμ.
571 1655 661 1694 with
679 1653 944 1694 line-division
961 1654 970 1671 '
984 1667 996 1703 ;
1025 1654 1133 1693 idem
1150 1665 1290 1692 uerum
1304 1650 1376 1691 erit
1391 1652 1443 1691 de
1459 1651 1634 1690 clausula

288 1724 399 1762 istinc
415 1723 526 1772 szgrna
541 1726 679 1760 canent
695 1719 750 1772 (7.
770 1734 834 1768 40.
857 1719 922 1771 10)
942 1719 993 1758 ab
1015 1719 1203 1769 PFIJPO
1222 1715 1507 1768 praetermissa,
1524 1722 1563 1756 et
1582 1717 1634 1756 de

289 1787 473 1827 clausulis
499 1787 696 1826 dictatoris
720 1791 867 1836 repente
893 1784 1073 1835 strepitus
1098 1789 1188 1822 ante
1212 1783 1361 1821 curiam
1390 1780 1478 1833 (litt.
1505 1780 1636 1835 xxxvi)

289 1856 339 1894 ab
362 1856 415 1893 H
414 1854 571 1893 TDLA
594 1852 646 1903 (8.
671 1866 733 1903 33.
758 1850 811 1903 4),
836 1852 1000 1889 fortasse
1020 1849 1140 1889 etiam
1161 1850 1214 1888 de
1234 1847 1413 1899 longiore
1434 1848 1499 1887 illa
1518 1846 1635 1887 omis-

290 1922 400 1959 sione
440 1920 600 1958 tumulis
637 1949 645 1957 .
679 1947 687 1955 .
719 1947 727 1956 .
766 1917 971 1956 exercitum
1005 1913 1060 1967 (7.
1106 1929 1165 1963 24.
1201 1913 1243 1967 9)
1278 1912 1493 1953 litterarum
1534 1913 1632 1962 lxxv,

290 1985 481 2024 linearum
515 1997 568 2023 sc.
607 1982 654 2031 iv,
690 1983 741 2022 ab
775 1982 1051 2020 MHTDLA.
1112 1981 1219 2030 Ergo
1248 1978 1314 2018 uix
1343 1977 1511 2018 dubium
1548 1991 1634 2018 esse

291 2057 420 2101 potest
441 2051 539 2100 quin
567 2062 706 2088 omnes
732 2047 893 2087 codices
913 2048 1037 2086 nostri
1063 2060 1188 2085 unum
1214 2045 1472 2095 eundemque
1498 2045 1634 2084 arche-

291 2123 428 2166 typum
452 2114 674 2162 habuerint,
707 2121 746 2153 et
784 2111 920 2152 omnia
949 2113 1029 2152 fere
1048 2113 1163 2151 haec
1192 2112 1280 2150 cola
1311 2116 1380 2148 aut
1408 2109 1486 2148 iarn
1517 2116 1635 2149 antea

291 2194 337 2219 ex
366 2186 554 2219 contextu
581 2178 747 2218 uncialis
776 2177 980 2229 archetypi
1009 2177 1195 2217 codicum
1226 2183 1452 2215 nostrorum
1483 2174 1635 2215 excide-

291 2245 367 2284 rint
386 2253 453 2284 aut
469 2258 493 2284 a
507 2244 687 2296 pluribus
702 2243 993 2295 descriptorum
1009 2244 1117 2283 unde
1132 2242 1257 2282 nostri
1274 2241 1467 2294 originem
1484 2240 1634 2280 habent

292 2311 369 2350 sint
400 2310 567 2350 omnino
586 2310 746 2350 omissa.
805 2311 963 2350 Eodem
984 2311 1114 2349 ferunt
1134 2311 1280 2348 omissa
1305 2307 1382 2347 alia
1402 2307 1442 2347 in
1471 2306 1632 2358 singulis

335 2391 347 2413 ¹
374 2393 429 2424 Sic
447 2393 548 2423 etiam
566 2392 695 2424 litteras
712 2391 821 2432 xxxii,
840 2392 986 2423 fortasse
1005 2391 1090 2423 duas
1106 2390 1215 2422 lineas
1231 2391 1278 2430 (7.
1299 2399 1349 2436 ¹¹:
1370 2391 1435 2430 ro),
1449 2389 1575 2421 omittit
1590 2388 1631 2422 Ο.

340 2445 352 2462 ²
375 2443 514 2476 Descent
529 2442 570 2483 of
581 2441 687 2475 MSS.
703 2453 711 2482 3
736 2443 779 2475 cs.
801 2442 929 2482 flavet,
950 2441 1092 2473 Manuel
1105 2441 1142 2472 de
1157 2442 1288 2481 cm'tique
1305 2441 1438 2482 verb-ale,
1460 2451 1493 2481 p.
1512 2450 1586 2472 200.

936 2512 998 2537 XVI
