1722 2748
190 127 247 165 VI
265 135 328 174 25
349 134 368 164 8
824 126 943 164 TITI
976 126 1093 164 LIVI

237 241 254 270 S
278 236 392 275 hitur.
453 236 646 277 Camillus
669 235 805 275 castris
825 243 918 275 ante
940 243 1074 286 portas
1101 234 1255 287 positis,
1277 237 1476 276 eademne
1493 236 1622 276 forma

276 303 383 352 pacis
417 315 521 353 quae
548 301 589 341 in
615 301 1010 353 agrisostentaretur
1039 300 1158 340 etiam
1194 300 1296 341 intra
1328 300 1494 363 moenia⁴
1517 308 1622 342 esset

234 379 253 408 9
275 366 375 407 scire
393 367 569 418 cupiens,
588 367 784 418 ingressus
799 366 937 406 urbem
955 365 1022 405 ubi
1041 373 1221 417 patentes
1232 366 1371 407 ianuas
1388 374 1427 407 et
1446 365 1622 407 tabernis

274 433 418 485 apertis
440 434 645 485 proposita
667 432 803 473 onmia
824 431 863 471 in
886 431 1020 472 medio
1041 431 1141 471 uidit
1172 431 1430 484 intentosque
1457 433 1623 484 opifices

275 512 349 538 suo
369 512 570 550 quemque
592 499 702 549 operi
724 505 764 538 et
784 499 900 537 ludos
929 498 1143 536 litterarum
1175 504 1350 550 strepere
1378 497 1620 538 discentium

275 564 444 604 uocibus
464 578 511 604 ac
532 566 701 615 repletas
733 563 894 603 semitas
921 562 1023 609 inter
1046 565 1187 615 uolgus
1214 563 1326 604 aliud
1344 577 1560 616 puerorum
1583 571 1623 604 et

277 631 486 675 mulierum
520 631 598 669 huc
633 637 754 680 atque
790 628 883 668 illuc
913 628 1093 668 euntium
1122 643 1203 680 qua
1231 643 1435 681 quemque
1459 643 1620 669 suorum

218 715 255 738 10
277 709 420 743 usuum
451 708 595 735 causae
617 697 774 743 ferrent,
798 694 897 733 nihil
918 708 1087 745 usquam
1108 708 1189 734 non
1220 694 1377 746 pauidis
1398 695 1524 735 modo
1552 695 1623 735 sed

278 777 329 803 ne
367 763 601 803 mirantibus
642 762 806 813 quidem
843 762 982 811 simile,
1013 761 1358 820 circumspiciebat
1391 762 1540 811 omnia,
1568 759 1625 800 in-

220 838 250 862 ¹¹
278 828 437 880 quirens
458 828 583 868 oculis
605 828 770 867 ubinam
791 828 942 867 bellum
971 827 1106 867 fuisset
1123 843 1132 877 ;
1159 829 1264 868 adeo
1290 842 1366 868 nec
1383 835 1546 868 amotae
1567 825 1622 870 rei

277 906 446 946 usquam
468 907 543 934 nec
564 895 722 934 oblatae
743 895 793 933 ad
816 901 973 944 tempus
994 893 1204 945 uestigium
1225 895 1350 933 ullum
1371 900 1454 933 erat
1478 892 1552 936 sed
1569 890 1624 932 ita

279 959 416 1006 omnia
433 959 632 1000 constanti
654 959 865 1010 tranquilla
886 973 985 1011 pace
1005 967 1049 1002 ut
1069 972 1118 999 eo
1138 959 1205 999 uix
1224 960 1331 999 sama
1351 958 1447 1001 belli
1473 959 1625 1013 perlata

203 1032 257 1069 26
278 1026 403 1066 uideri
442 1033 587 1077 posset.
662 1025 803 1065 Victus
844 1025 960 1077 igitur
998 1025 1188 1078 patientia
1226 1024 1402 1067 hostium
1439 1032 1621 1065 senatum
1667 1057 1678 1075 .-.

277 1106 415 1131 eorum
437 1092 568 1131 uocari
591 1091 714 1131 iussit.
781 1090 885 1130 ‘Soli
905 1092 1039 1131 adhuc
1054 1093 1063 1110 '
1087 1090 1229 1143 inquit,
1253 1089 1507 1139 ‘Tusculani,
1529 1103 1624 1129 uera

277 1173 386 1198 arma
405 1172 599 1210 uerasque
622 1157 724 1198 uires
746 1157 893 1209 quibus
913 1158 965 1197 ab
988 1159 1042 1197 ira
1064 1160 1343 1198 Romanorum
1371 1164 1504 1197 uestra
1527 1163 1624 1196 tuta-

242 1242 257 1263 2
278 1224 416 1264 remini
444 1224 662 1264 inuenistis.
721 1226 782 1263 Ite
819 1226 990 1263 Romam
1027 1224 1080 1264 ad
1111 1231 1326 1273 senatum3
1352 1221 1624 1263 aestimabunt

278 1299 406 1342 patres
427 1299 557 1330 utrum
579 1292 671 1341 plus
690 1298 783 1330 ante
805 1304 958 1341 poenae
986 1304 1038 1329 an
1065 1303 1173 1329 nunc
1202 1289 1346 1330 ueniae
1374 1286 1504 1328 meriti
1528 1286 1622 1327 sitis.

279 1351 372 1396 Non
394 1356 633 1407 praecipiam
668 1355 831 1407 gratiam
866 1355 1015 1406 publici
1048 1355 1230 1395 beneficii
1250 1370 1262 1404 3
1289 1352 1535 1406 deprecandi
1555 1366 1624 1404 pQ-

279 1430 459 1462 testatem
481 1436 504 1461 a
526 1436 588 1460 mc
612 1421 852 1468 habueritis,
846 1434 852 1441 ·
888 1421 1072 1472 precibus
1088 1428 1280 1461 euentum
1295 1419 1437 1461 uestris
1463 1425 1624 1467 senatus

279 1502 397 1539 quem
420 1487 620 1527 uidebitur
643 1487 778 1527 dabit?
1474 1487 1517 1504 ‘⁹
1562 1492 1574 1510 ’-

243 1566 260 1596 3
336 1557 551 1605 Postquam
576 1555 749 1593 lxomam
772 1552 988 1593 'lusculani
1020 1560 1216 1593 uenerunt
1243 1560 1486 1604 senatusque
1507 1551 1626 1604 paulo

279 1629 370 1660 ante
392 1619 569 1659 fidelium
593 1618 791 1659 sociorum
816 1626 989 1658 maestus
1011 1618 1050 1657 in
1073 1618 1274 1658 uestibulo
1303 1617 1435 1658 curiae
1454 1625 1515 1658 est
1533 1631 1625 1657 con-

280 1694 448 1736 spectus,
473 1686 567 1724 moti
593 1685 794 1735 extemplo
816 1692 944 1735 patres
967 1683 1099 1724 uocari
1121 1698 1191 1724 eos
1211 1685 1290 1723 iam
1312 1691 1397 1723 tum
1428 1674 1653 1735 hospitali-⁰

240 1758 260 1788 4
281 1759 337 1791 ter
358 1752 481 1802 magis
502 1764 622 1801 quam
646 1749 840 1790 hostiliter
862 1749 1020 1789 iussere.
1084 1749 1267 1790 Dictator
1295 1750 1549 1789 Tusculanus
1573 1747 1627 1788 ita

280 1817 401 1856 uerba
421 1816 534 1856 fecit:
570 1815 752 1866 ‘Quibus
786 1817 935 1856 bellum
969 1814 1164 1855 indixistis
1193 1814 1474 1867 intulistisque,
1495 1821 1626 1867 patres

280 1882 504 1933 conscripti,
527 1882 627 1922 sicut
649 1896 756 1922 nunc
780 1882 926 1922 uidetis
947 1895 1022 1922 nos
1044 1890 1194 1922 stantes
1214 1883 1254 1921 in
1274 1881 1478 1921 uestibulo
1495 1880 1627 1920 curiae

280 1957 448 1997 uestrae,
463 1947 517 1987 ita
536 1947 674 1988 armati
708 1947 912 1998 paratique
945 1947 1107 1987 obuiam
1138 1947 1444 1999 imperatoribus
1466 1944 1628 1998 legioni-

243 2030 261 2062 5
282 2015 437 2066 busque
457 2013 595 2053 uestris
618 2013 893 2064 processimus.
958 2014 1038 2053 Hic
1058 2022 1201 2062 noster,
1224 2012 1290 2052 hic
1314 2011 1442 2064 plebis
1472 2019 1629 2051 nostrae
1685 2001 1697 2019 ⁵

283 2079 442 2119 habitus
462 2079 535 2118 fuit
555 2080 707 2130 eritque
731 2093 898 2131 semper,
923 2079 997 2119 nisi
1029 2079 1060 2119 si
1090 2080 1255 2130 quando
1283 2092 1308 2118 a
1335 2077 1453 2118 uobis
1477 2090 1628 2128 proque
1684 2070 1698 2123 ’,ἑ

283 2145 399 2185 uobis
419 2158 528 2184 arma
549 2145 832 2196 acceperimus.
897 2145 1053 2184 Gratias
1074 2145 1228 2196 agimus
1239 2151 1279 2183 et
1297 2142 1471 2184 ducibus
1490 2142 1629 2182 uestris

330 2263 369 2284 lo
398 2252 578 2301 inquirpns
614 2249 1067 2289 MPFUpBOEHTDLA.
1060 2261 1067 2268 ·
1106 2250 1292 2289 anquirens
1326 2246 1482 2280 Gebhard

286 2306 322 2327 11
349 2296 518 2328 constanti
538 2295 643 2327 MPF
643 2295 762 2337 UpBE
769 2294 919 2325 TDLA
944 2294 1135 2326 constantia
1155 2292 1275 2324 OE²H

326 2339 376 2372 26
406 2351 417 2370 1
446 2341 647 2372 tutaremini
666 2337 1086 2379 MPFUpBOET²D³A.
1110 2336 1289 2368 uteremini
1318 2335 1363 2367 T:
1389 2332 1630 2366 uereminiH·

283 2384 476 2415 interornini
500 2384 527 2414 L
547 2385 599 2423 (I)
613 2385 711 2425 legere
733 2393 799 2413 non
818 2381 926 2421 potui)
1095 2392 1114 2420 4
1138 2385 1270 2412 stantes
1282 2376 1629 2428 ΜΠρΟΕΤΥΒῖΑΞ.

283 2434 427 2459 stantem
459 2428 571 2458 PI'B·
604 2429 776 2458 instantes
800 2425 927 2463 HTtut
951 2424 1201 2463 mdcturJDLA
1371 2434 1390 2462 5
1417 2421 1479 2454 suit
1497 2421 1629 2461 eritque
1683 2446 1687 2461 ÷

283 2470 698 2512 MPFUpBOET2D1A2
714 2482 721 2500 ε
740 2469 852 2500 suerit.
865 2469 922 2508 qui
936 2468 994 2500 H:
1015 2468 1113 2500 fucrit
1128 2468 1260 2508 eritque
1281 2467 1329 2498 T:
1355 2467 1454 2498 suerit
1469 2475 1555 2505 quae
1572 2464 1627 2495 D:
1684 2493 1689 2502 ,

284 2516 455 2555 fueritque
474 2515 501 2545 L
520 2526 526 2544 :
553 2516 683 2554 critqm¹
703 2514 734 2543 A
