1722 2748
630 159 952 199 PRAEFATIO

121 271 204 321 ipsa
230 285 277 310 ex
296 272 422 310 forma
441 271 645 311 decurtata
665 270 893 321 glossemati
915 271 1072 322 propria
1093 279 1131 311 et
1150 286 1173 311 a.
1194 272 1331 312 scribis
1350 272 1457 313 uarie

120 336 318 376 intellecta
346 337 502 376 uidetur
530 349 617 376 esse
643 343 801 386 exorta3
843 336 1041 377 interdum
1072 339 1142 377 sed
1178 338 1299 378 rarius
1333 340 1458 379 forma

119 401 204 453 ipsa
223 403 427 442 decurtata
452 402 493 441 in
512 402 672 442 codices
693 401 890 441 inculcata
911 410 997 443 est:
1028 404 1084 443 sic
1102 405 1155 444 ad
1179 418 1239 444 10.
1262 416 1323 454 37.
1350 418 1386 455 2,
1416 404 1457 444 id

119 468 228 517 quod
249 466 333 506 sine
352 467 477 506 dubio
497 481 545 506 ex
563 467 739 518 margine
759 468 992 519 exemplaris
1010 468 1070 508 sui
1091 468 1259 520 collegit,
1283 482 1457 508 numeros

117 546 250 572 caesor.
282 533 434 585 scripsit
453 535 497 572 P
511 533 711 585 (numerus
729 546 922 572 caesorum
943 535 1000 573 P²
1012 535 1075 574 uel
1088 535 1158 586 pe)
1175 550 1182 574 :
1211 535 1287 574 hac
1306 534 1458 574 ratione

118 598 178 638 usi
215 599 460 650 suspicamur
498 601 562 638 uel
593 599 712 639 etiam
747 607 864 638 antea
898 612 944 638 ex
983 599 1070 639 aliis
1108 599 1236 639 causis
1274 607 1458 652 suspecta

118 663 349 703 seclusimus
369 667 601 703 iuuentutem
623 668 658 704 6.
679 677 711 714 7.
736 679 752 704 1
776 664 995 716 (iuuentam
1017 667 1102 719 M),
1122 679 1251 705 censor
1266 678 1298 715 7.
1321 679 1382 706 22.
1410 679 1458 705 10

119 728 279 779 (censore
306 729 366 767 M
389 730 453 768 uel
477 731 537 768 M
542 730 594 768 ¹A
601 733 624 780 l,
655 737 775 770 coetus
807 743 839 780 7.
867 743 926 782 25.
954 743 973 781 7
997 729 1132 782 (coetsu
1152 733 1208 779 H,
1238 737 1338 770 coetu
1364 733 1455 781 ΤΒ,

116 799 220 832 caetu
245 793 311 845 L),
337 794 460 833 hostia
486 797 520 834 8.
548 809 607 834 10.
634 810 678 834 12
701 795 883 849 (hostiam
913 796 1002 847 (sp),
1025 797 1129 835 alius
1152 811 1186 847 9.
1214 811 1250 848 3.
1276 812 1291 836 1
1315 795 1457 852 (alium

116 861 205 909 M),
228 861 425 899 Romanos
454 875 490 911 9.
519 874 554 912 3.
582 863 605 900 6
642 862 861 914 (romanum
896 862 1084 915 TDLA),
1113 864 1296 903 Romana
1326 878 1361 915 9.
1391 867 1454 915 36.

119 928 142 964 8
162 940 196 976 q.
212 940 246 966 v.
265 940 275 975 ;
301 927 407 966 adde
427 928 709 978 magm'ficentt'a
730 926 812 979 (uel
833 927 908 981 -ae)
933 941 965 968 1.
983 940 1044 980 55.
1062 942 1097 979 9.
1391 929 1395 932 ’

172 994 274 1042 §48.
307 991 446 1032 Simile
479 994 549 1032 sed
580 993 763 1032 subtilius
794 993 1057 1045 corruptionis
1088 1007 1213 1046 genus
1248 1008 1294 1034 ex
1324 994 1457 1034 studio

116 1059 292 1109 quodam
324 1057 646 1106 architectonico‚
678 1066 722 1098 ut
748 1057 802 1098 ita
828 1059 972 1108 dicam,
995 1059 1194 1111 scriptoris
1215 1062 1279 1100 uel
1299 1061 1456 1102 lectoris

116 1138 236 1176 saepe
273 1123 421 1164 oritur:
465 1138 557 1163 curn
595 1125 814 1176 fragmenta
847 1125 981 1177 aliqua
1012 1126 1124 1166 uocis
1157 1125 1235 1165 iam
1269 1127 1308 1165 in
1348 1134 1455 1167 textu

116 1190 313 1230 inculcata.
345 1191 410 1229 uel
441 1189 784 1230 abbreuiationem
821 1191 996 1243 aliquam
1035 1206 1173 1244 parum
1214 1192 1454 1232 intellectam

117 1257 361 1304 inuenerant,
376 1255 594 1295 studebant
607 1256 789 1296 nonnulli
810 1256 849 1296 in
871 1257 934 1299 his
945 1258 1219 1298 fundamentis
1233 1258 1453 1307 aedificare,

116 1323 224 1361 unde
251 1323 292 1361 in
320 1329 429 1361 textu
449 1335 642 1374 persaepe
657 1331 821 1373 apparet
849 1331 1071 1364 monstrum
1102 1324 1264 1376 aliquod
1287 1324 1455 1365 informe

117 1395 155 1427 ct
182 1388 451 1436 horrendum3
477 1402 559 1439 qua
588 1388 640 1427 de
673 1401 793 1428 causa
825 1389 1077 1440 potissimum
1109 1389 1140 1429 si
1173 1391 1225 1430 de
1245 1392 1353 1430 nulla
1379 1391 1455 1430 alia

117 1461 313 1493 corrector
342 1454 542 1492 secundus
573 1453 724 1493 codicis
755 1454 920 1494 Puteani
952 1457 1329 1508 reprehendendus:
1370 1469 1402 1495 e.
1417 1470 1452 1507 g.

1441 1529 1456 1547 e

117 1566 164 1592 ex
193 1558 309 1602 pacto
336 1553 381 1590 P
412 1558 601 1601 naupacto
631 1552 723 1591 facit
753 1554 835 1602 P²3
877 1567 925 1593 ex
952 1560 1094 1593 terrase
1133 1557 1176 1594 P
1216 1554 1298 1608 (i.e.
1332 1561 1457 1594 terras

119 1631 178 1656 21.
205 1631 264 1667 30.
291 1617 330 1668 2)
351 1622 478 1656 terras
490 1630 556 1656 eas
569 1618 627 1656 P²
645 1631 655 1666 3
683 1631 731 1657 ex
746 1621 908 1658 medium
929 1633 992 1658 am
1015 1622 1155 1658 uallem
1174 1622 1218 1660 P
1235 1634 1295 1659 22.
1318 1633 1381 1669 41.
1408 1632 1427 1670 7
1443 1619 1454 1641 ¹

349 1690 400 1707 all!

117 1715 158 1767 (i.
174 1729 207 1755 e.
248 1717 423 1763 medium,
458 1723 502 1755 ut
539 1715 636 1755 scite
670 1716 841 1756 coniecit
882 1718 1063 1772 Madvig)
1104 1720 1267 1758 medium
1305 1733 1454 1759 amnem

115 1783 257 1819 uallem
288 1783 375 1819 dett.
391 1796 402 1831 ;
430 1795 477 1820 ex
507 1794 569 1820 soc
595 1794 658 1831 27.
683 1796 702 1820 2
709 1794 744 1833 5.
777 1797 798 1833 3
830 1777 920 1822 facit
949 1785 1055 1823 sociis
1090 1784 1308 1836 Spirensis;
1337 1799 1384 1825 ex
1412 1799 1457 1824 ae

115 1845 262 1896 P(pro
280 1845 390 1897 aeuo)
415 1860 474 1897 29.
498 1848 534 1885 8.
557 1861 580 1897 9
601 1853 723 1886 aetate
741 1848 796 1886 P²
819 1863 900 1888 non
928 1851 1029 1889 male
1058 1852 1128 1890 sed
1155 1864 1237 1890 non
1264 1858 1390 1898 recte;
1417 1859 1456 1891 et

115 1918 296 1950 sescenta
327 1909 404 1950 alia
437 1924 512 1950 nec
545 1911 682 1951 omnia
713 1913 870 1952 detecta
891 1927 922 1953 e.
940 1928 975 1965 g.
995 1921 1137 1965 portas
1156 1918 1218 1955 26.
1244 1931 1305 1967 31.
1326 1931 1348 1968 3
1370 1931 1453 1969 pro,

115 1983 159 2014 ut
186 1975 422 2027 iampridem
451 1977 583 2025 credo,
603 1984 687 2028 por
712 1977 735 2016 i.
750 1991 782 2018 e.
810 1981 957 2030 populo
989 1994 1171 2030 romano3
1209 1984 1387 2022 dextrore
1418 1986 1459 2023 P

114 2041 206 2092 <pro
223 2043 359 2080 dextro
380 2055 444 2082 22.
463 2044 526 2090 46.
549 2041 590 2095 7)
607 2044 789 2082 dextrum
809 2046 958 2095 regebat
975 2047 1027 2085 A.

172 2108 219 2145 In
235 2106 442 2146 codicibus
470 2107 587 2147 huius
615 2109 790 2149 Decadis
824 2110 932 2150 idem
968 2111 1143 2151 studium
1175 2112 1453 2154 architectoni-

114 2184 207 2211 cum
222 2179 396 2223 apparet,
414 2174 579 2213 fortasse
598 2173 730 2230 minus
749 2189 850 2225 acre,
872 2185 978 2217 certe
998 2177 1340 2220 minuseuidens:
1370 2193 1403 2220 e.
1418 2194 1452 2231 g.

94 2289 97 2293 ’
158 2291 170 2313 ¹
199 2292 310 2324 Huius
336 2292 464 2325 codicis
490 2294 739 2336 dittographiae
767 2308 853 2337 quae
881 2304 1046 2331 uocantur
1074 2299 1206 2332 nobiles
1232 2306 1311 2333 sunt
1327 2312 1335 2341 3
1368 2301 1455 2333 intra

116 2344 218 2375 breue
234 2344 379 2384 spatium
400 2355 474 2386 sex,
494 2346 639 2378 sortasse
662 2353 808 2388 septem,
828 2350 924 2390 quasi
952 2351 986 2382 in
1012 2351 1156 2383 terrenis
1177 2352 1269 2384 saxis
1293 2353 1454 2385 bestiolae

116 2402 307 2438 concretae,
328 2398 436 2430 uideri
454 2404 598 2439 possunt
615 2399 686 2442 (21.
706 2403 755 2434 16.
774 2403 874 2442 8-17.
892 2403 939 2444 3).

755 2467 816 2493 XXI
