1722 2748
355 188 737 228 CORRIGENDA
769 191 840 228 ET
870 191 1153 230 ADDENDA

89 306 118 336 3.
138 306 190 336 51.
209 307 227 337 7
244 296 323 329 adn.
338 296 544 339 adquieuit]
559 302 637 340 post
653 301 661 315 ¹
675 298 786 329 uoluit
800 299 902 330 scrtlm
920 299 1063 340 quieuit’
1080 300 1163 331 adde
1179 312 1186 332 ι
1211 300 1249 340 cf.
1271 302 1303 334 8.
1327 303 1378 340 36.
1402 301 1424 331 6

175 341 263 372 circu
277 346 341 382 pro
356 341 476 372 circuit

88 393 108 422 3
129 394 182 423 52.
199 395 219 424 3
238 384 423 426 Ficulensi]
441 384 507 426 lege
521 395 598 416 cum
620 384 652 416 Ο
668 385 852 427 Ficolensi,
868 389 897 418 et
913 387 988 418 uide
1002 386 1042 418 It.
1059 387 1162 428 Diui..
1178 393 1212 429 p.
1230 398 1295 427 335

88 438 118 468 3.
137 430 190 460 61.
214 439 228 459 1
245 439 253 459 ε
271 432 350 469 post
364 439 518 468 pugnare
532 434 619 470 pone
635 452 644 470 ‚
663 440 730 461 uon
746 441 754 462 :

34 475 40 481 ”
88 482 118 510 4.
136 482 168 503 2.
189 482 229 503 10
244 472 278 503 in
294 473 380 503 linea
396 472 519 504 ultima
536 473 601 515 Iege
617 473 885 514 amplioremque

88 526 119 554 4.
137 517 166 546 6.
181 525 200 545 2
216 515 294 547 adn.
309 527 317 547 ε
335 517 540 557 parenthesis
565 516 601 548 de
624 517 781 549 Lindsat'i
802 519 961 550 sententia
985 519 1078 550 cuius
1097 519 1369 560 lucubrationem,
1387 523 1426 551 ut

173 560 238 600 ipse
253 570 342 590 nunc
356 564 472 599 monet,
494 561 610 592 minus
626 565 703 593 recte
716 562 1038 603 comprehendimus,
1057 567 1123 594 tola
1139 563 1274 594 delenda
1291 566 1338 594 est

88 614 117 642 4.
137 612 186 635 12.
208 614 222 634 1
241 603 320 637 adn.
330 604 378 635 ad
391 609 424 635 et
439 605 640 646 insequente
658 606 773 647 atlfin.
792 606 897 638 adde:
921 606 994 638 uide
1006 606 1212 638 Addendum
1229 607 1277 639 ad
1289 618 1319 647 3.
1338 615 1387 640 10.
1403 617 1423 648 5

173 652 244 688 sup.

87 701 116 729 4.
137 699 186 729 15.
205 691 226 721 6
242 690 318 723 adn.
337 691 443 723 adde:
466 692 503 731 cf
521 702 553 732 3.
571 704 622 732 44.
641 703 684 732 43
708 695 809 732 4:48.
834 704 896 733 10;
924 705 974 726 10.
997 705 1046 727 11.
1065 705 1100 725 11

87 745 116 774 4.
139 743 186 774 15.
210 745 227 775 7
244 734 322 766 adn.
339 747 348 767 z
371 737 523 777 exemplis
538 736 619 767 Dat.
634 737 853 779 Ablatim'que
865 738 970 770 adde:
995 738 1067 770 deis
1087 749 1135 770 10.
1154 749 1206 778 42.
1229 749 1247 779 7

87 790 115 817 4.
136 788 188 810 20.
205 779 288 809 8-11
308 790 340 810 u.
360 780 451 813 Add.
469 780 517 811 ad
530 791 561 820 3.
579 791 633 821 30.
655 792 668 811 1
688 787 759 823 sup.

86 833 116 861 4.
135 833 186 854 20.
204 834 226 863 9
242 823 320 855 adn.
336 833 342 854 :
367 824 430 865 lege
448 836 455 856 :
474 825 594 866 pendet
609 835 713 867 quam
730 836 778 866 ex,
798 831 860 867 pro
880 828 887 844 ‘
895 826 1018 867 pendet,
1038 837 1142 866 quam
1155 826 1163 838 '

87 878 116 906 4.
136 875 175 897 21
208 877 222 897 1
241 867 280 899 de
302 867 379 900 Abl.
407 868 646 909 Maluginense
672 873 703 901 et
724 881 752 910 4.
779 881 832 910 49.
851 881 868 910 7
895 870 1082 910 Regillensi
1097 870 1199 903 adde:
1225 882 1257 902 u.
1276 872 1307 903 6.
1325 870 1378 904 22.
1406 881 1419 902 1

173 910 253 944 adn.

86 965 117 993 4.
136 963 189 994 23.
211 965 224 985 1
245 966 277 987 u.
297 959 371 995 sup.
390 955 483 987 Add.
503 956 550 987 ad
563 967 593 996 3.
618 967 665 989 10.
685 967 704 997 5

86 1009 116 1037 4.
137 1008 188 1037 23.
206 1008 227 1028 2
243 1010 278 1031 u.
295 999 388 1030 Add.
407 1000 454 1030 ad
469 1010 499 1039 3.
520 1011 574 1040 30.
598 1011 609 1031 1
630 1006 702 1042 sup.

86 1053 117 1080 4.
134 1043 186 1075 26.
206 1053 223 1082 7
241 1042 319 1074 adn.
335 1053 341 1072 z
355 1047 432 1084 post
442 1055 536 1075 uoces
549 1055 615 1075 non
628 1046 821 1076 intellectum
839 1044 939 1077 adde:
967 1044 1022 1085 (cs.
1037 1056 1085 1078 10.
1104 1047 1158 1086 38.
1174 1056 1233 1086 125
1255 1055 1303 1078 10.
1319 1048 1370 1086 46.
1388 1047 1420 1085 1)

87 1097 116 1124 4.
135 1086 186 1126 48.
210 1097 248 1118 10
264 1086 426 1126 deforma
444 1089 614 1129 compositi
635 1089 803 1130 perlicere
819 1089 966 1120 citandae
980 1094 1072 1121 erant
1087 1090 1189 1121 adnn.
1205 1090 1251 1121 ad
1260 1101 1290 1129 3.
1308 1101 1360 1130 44.
1379 1103 1397 1130 4
1414 1102 1422 1130 ;

173 1140 263 1170 4.15
293 1131 335 1170 6;
363 1141 486 1164 1o.11.
508 1142 544 1163 11

86 1185 121 1213 4.
136 1184 189 1213 49.
209 1184 230 1214 3
246 1178 276 1205 et
289 1175 311 1205 6
326 1178 356 1205 et
371 1185 389 1216 7
407 1175 487 1207 adn.
502 1176 550 1208 ad
563 1176 706 1208 Bolanis
722 1176 826 1209 adde:
850 1178 887 1218 cf
903 1180 934 1209 6.
951 1189 980 1210 2.
1001 1188 1037 1218 14
1054 1182 1083 1210 et'
1101 1178 1191 1219 Verg.
1210 1178 1293 1210 Aen.
1310 1179 1339 1209 6.
1360 1188 1421 1218 775

86 1230 116 1258 4.
140 1229 191 1257 49.
212 1229 229 1258 7
249 1229 281 1248 u.
299 1218 387 1250 Add.
407 1219 456 1250 ad
467 1230 499 1259 4.
519 1230 570 1251 21.
594 1230 608 1251 1
627 1225 700 1261 sup.

87 1273 117 1302 4.
135 1271 186 1301 51.
205 1262 225 1292 8
239 1261 316 1294 adn.
333 1262 418 1294 adde
430 1263 468 1294 de
477 1268 628 1305 corrupta
640 1265 852 1305 prouomim's
869 1265 941 1305 ipse
955 1266 1131 1297 desinentia
1148 1277 1155 1297 ι
1179 1267 1277 1297 etiam
1289 1277 1317 1297 2.
1340 1276 1390 1306 19.
1401 1276 1419 1306 5

174 1317 250 1336 cum
267 1306 441 1338 Addendis

87 1361 116 1390 4.
136 1350 188 1390 58.
218 1359 256 1389 13
279 1349 358 1382 adn.
384 1350 422 1381 de
450 1362 525 1382 uoce
552 1352 691 1383 insiticia
719 1351 919 1395 rogitantes]
937 1364 944 1384 ε
963 1358 1026 1394 pro
1053 1364 1099 1385 10.
1123 1364 1175 1393 33.
1195 1364 1215 1394 3
1233 1353 1310 1385 adn.
1332 1353 1420 1394 Iege:

178 1404 227 1426 10.
248 1404 296 1434 13.
318 1404 358 1425 10
374 1394 454 1425 adn.
473 1399 503 1425 et
521 1406 570 1427 10.
587 1405 641 1436 33.
663 1406 684 1434 3

87 1447 116 1477 5.
135 1447 162 1477 7.
183 1448 201 1478 7
219 1440 295 1468 adn.
315 1437 364 1469 ad
377 1439 534 1479 publicae
553 1438 664 1480 extra]
682 1452 688 1471 z
713 1439 777 1481 lege
794 1440 907 1472 finitus
918 1445 982 1482 pro
999 1442 1095 1472 finita

86 1491 116 1521 5.
138 1483 185 1514 18.
209 1492 222 1512 1
242 1481 319 1514 adn.
338 1482 358 1513 l.
376 1493 416 1515 2:
443 1483 506 1524 Iege
522 1482 675 1523 Staatsr.,
697 1494 765 1515 non
785 1483 944 1517 ‘Stadtrss

87 1536 116 1565 5.
138 1536 189 1556 21.
208 1537 229 1566 9
246 1526 323 1559 adn.
346 1526 394 1558 ad
409 1527 496 1567 ueri]
517 1527 632 1568 adfin.
651 1527 757 1559 adde:
781 1528 821 1568 cf
840 1530 892 1560 26.
909 1539 962 1568 49.
980 1529 1002 1559 6
1018 1529 1140 1570 (Spir.)

87 1579 117 1609 5.
136 1581 187 1609 24.
205 1571 225 1600 8
241 1570 320 1602 adn.
341 1569 362 1603 I.
381 1580 402 1611 5
419 1570 536 1610 adfin.
557 1571 659 1603 adde:
682 1576 721 1603 ut
734 1572 783 1603 bis
797 1572 875 1603 Fut.
894 1573 946 1604 26.
965 1573 1015 1612 46.
1034 1575 1054 1604 8

87 1623 116 1653 5.
137 1615 188 1646 26.
211 1625 250 1645 10
266 1614 344 1646 adn.
364 1615 384 1646 l.
404 1614 463 1646 ult.
484 1614 589 1646 adde:
612 1615 652 1654 cf.
669 1617 766 1647 ctiam
783 1617 958 1655 specimen
976 1616 1065 1648 istud
1083 1616 1213 1648 uirtutis
1229 1617 1259 1647 8.
1278 1627 1304 1656 7.
1329 1617 1367 1648 18

87 1667 116 1697 5.
135 1669 188 1699 29.
206 1671 224 1698 4
242 1658 323 1689 adn.
339 1659 470 1700 primae
487 1658 591 1689 adde:
616 1659 653 1698 cs.
670 1661 701 1691 6.
724 1670 771 1699 19.
791 1670 810 1689 2
828 1670 950 1700 magna
967 1671 1044 1701 pars
1063 1660 1290 1692 uociferantur

87 1711 115 1740 5.
136 1713 188 1742 3¹·
210 1714 228 1742 4
246 1702 323 1735 adn.
344 1702 382 1734 de
406 1703 574 1734 cedentes
599 1703 731 1743 inse-qui
755 1703 832 1734 add.
858 1709 934 1735 ante
958 1715 1009 1743 24.
1032 1715 1078 1744 17.
1096 1714 1115 1744 5
1133 1717 1138 1735 :
1166 1714 1216 1735 10.
1237 1714 1282 1743 19.
1308 1715 1350 1736 τεο
1367 1715 1420 1736 nr-

174 1747 288 1786 gendo
306 1748 468 1779 cedentes
486 1748 765 1788 insequendoque
782 1748 907 1779 effusos

29 1804 34 1808 ·
88 1799 116 1828 5.
135 1800 185 1830 34.
206 1801 222 1830 7
240 1790 318 1823 adn.
337 1791 385 1822 ad
406 1792 543 1824 Saluum
569 1791 694 1832 adfin.
721 1791 822 1823 adde:
849 1792 991 1822 saluium
1021 1793 1120 1823 etiam
1147 1793 1180 1824 in
1201 1792 1269 1824 CM
1294 1793 1421 1833 (prima

176 1845 281 1866 manu
299 1836 332 1866 in
351 1836 501 1877 utroque)
521 1846 573 1867 21.
593 1837 646 1868 26.
663 1845 684 1875 3

87 1887 115 1916 5.
134 1887 186 1917 39.
207 1889 223 1918 7
241 1878 320 1910 adn.
339 1879 454 1919 adfin.
474 1880 577 1911 adde:
602 1879 640 1910 de
654 1890 729 1910 uoce
746 1879 835 1910 enim
856 1879 888 1910 in
910 1879 966 1910 Or.
982 1879 1054 1911 Obl.
1073 1880 1196 1911 omisso
1215 1881 1362 1921 (post-e}
1381 1880 1418 1919 cs.

174 1924 224 1955 26.
290 1950 295 1954 .
314 1924 334 1954 8
351 1923 427 1954 Fut.

88 1976 116 2006 5.
142 1977 195 2006 43.
228 1933 349 1998 1431dn.
378 1967 427 1998 ad
451 1968 559 1999 facere
589 1967 621 1998 in
648 1978 782 2000 arcem:
808 1968 962 2008 exemplis
988 1968 1067 2008 sngli
1089 1967 1302 1999 Flom'acensis
1321 1967 1426 2008 (quod

175 2010 350 2052 uocamus)
372 2011 460 2042 male
483 2012 630 2043 intellecti
650 2012 733 2043 adde
758 2022 808 2044 10.
832 2022 884 2051 31.
909 2021 959 2044 12.
987 2011 1062 2043 Hoc
1081 2011 1207 2052 siglam
1227 2017 1290 2053 pro
1314 2011 1426 2043 nasali

174 2058 375 2095 usurpatum
384 2055 474 2090 ιάηι(
482 2066 591 2086 meme
600 2055 723 2087 Martio
732 2056 832 2097 1919)
845 2056 982 2097 repperit
990 2057 1120 2087 amicus
1130 2056 1289 2089 nosterA.
1303 2055 1425 2087 somer

173 2098 207 2128 in
226 2097 384 2139 Cypriani
397 2099 495 2130 codice
509 2110 607 2140 quem
624 2103 739 2132 octauo
756 2102 809 2132 uel
829 2111 917 2131 nono
931 2101 1059 2131 saeculo
1076 2099 1235 2141 adsignat
1248 2111 1288 2131 ex
1303 2110 1421 2131 mona-

173 2143 267 2172 sterio
276 2142 314 2173 de
323 2142 365 2173 M
364 2143 482 2174 urbach
495 2146 606 2186 (prope
616 2144 756 2175 Colmar
763 2145 966 2183 Alsat1·ense)
974 2144 1221 2184 prouenientem
1235 2146 1245 2183 ζ
1252 2144 1280 2175 C
1279 2144 1329 2174 od.
1343 2143 1418 2176 Lat.

178 2195 214 2224 15
230 2185 315 2218 Bihl.
333 2185 493 2226 Rylands.
514 2187 691 2229 Mancun.)

5 2246 8 2249 ·
85 2238 116 2267 5.
135 2238 186 2267 45.
205 2230 225 2259 8
242 2240 275 2261 u.
293 2235 365 2270 sup.
382 2230 475 2262 Adn.
489 2230 539 2262 ad
550 2242 580 2271 3.
603 2242 650 2263 10.
671 2242 690 2272 5

86 2282 117 2311 5.
136 2273 186 2310 48.
207 2275 228 2304 6
244 2273 322 2305 adn.
341 2273 388 2304 ad
402 2275 526 2314 uigiliis
542 2275 626 2306 adde
639 2275 770 2315 aclfin.:
798 2275 836 2315 cs.
858 2285 907 2306 10.
928 2285 979 2314 33.
1000 2277 1022 2305 6
1037 2274 1116 2307 adn.
1137 2275 1184 2306 ad
1200 2275 1418 2315 uigiliumque

26 2340 27 2343 ,
87 2325 116 2355 5.
135 2325 185 2355 51.
205 2326 224 2354 3
241 2316 318 2348 adn.
332 2317 378 2348 ad
392 2318 563 2349 tenuerint
576 2319 659 2349 culde
669 2319 785 2359 adfin.
805 2330 812 2350 :
836 2319 874 2358 cf.
893 2329 939 2350 10.
955 2328 1006 2358 33.
1021 2318 1129 2351 6adn.
1143 2318 1423 2359 aduigiliumque»

1168 2390 1215 2427 R.
1241 2391 1277 2428 S.
1302 2389 1347 2429 C.

1167 2444 1212 2483 C.
1238 2445 1277 2481 F.
1302 2445 1360 2482 W.

706 2511 777 2535 XXV
