1722 2748
537 146 608 183 AB
637 147 790 184 VRBE
821 145 1085 185 CONDITA
1295 147 1402 184 VIII
1425 146 1476 183 28
1496 151 1515 182 6

137 255 287 295 c'uriam
308 255 505 295 concurrit
519 270 532 304 ,·
558 263 596 295 et
617 269 707 294 cum
725 257 908 295 consules
930 258 1103 295 tumultu
1119 255 1328 307 repentino
1348 255 1477 295 coacti
1500 263 1515 298 7

137 328 319 360 senatum
339 328 540 370 uocarent,
563 321 855 360 introeuntibus
885 321 926 360 in
957 323 1107 362 curiam
1137 321 1315 373 patribus
1336 323 1479 362 lacera-

91 430 97 443 ,
137 394 223 426 tum
253 386 414 426 iuuenis
449 394 604 438 tergum
644 387 953 438 procumbentes
992 389 1044 427 ad
1077 388 1321 440 singulorum
1354 388 1478 439 pedes

77 498 85 508 ¹
138 453 403 492 ostentabant.
462 451 625 491 Victum
646 465 695 492 eo
715 454 780 492 die
800 453 853 492 ob
875 452 1136 505 impotentem
1158 453 1340 493 iniuriam
1361 454 1479 493 unius
1499 460 1518 490 8

52 506 86 537 *³
139 518 279 569 ingens
300 518 508 559 uinculum
539 517 633 558 fidei
659 517 835 569 iussique
862 521 1046 559 consules
1077 521 1176 559 ferre
1204 521 1257 559 ad
1286 520 1478 571 populum

139 596 190 623 ne
210 583 310 635 quis,
333 582 409 622 nisi
429 583 498 634 qui
517 596 662 622 noxam
683 583 900 632 meruisset,
931 586 1062 624 donec
1093 598 1266 637 poenam
1294 587 1418 625 lueret
1438 584 1478 624 in

138 648 403 700 compedibus
423 656 491 689 aut
510 648 550 688 in
570 662 695 689 neruo
714 657 912 690 teneretur
926 665 937 699 3
966 651 1160 702 pecuniae
1180 651 1352 690 creditae
1373 651 1478 690 bona
1499 662 1519 694 9

140 705 340 764 deffifc‘i'fis,
363 729 445 755 non
466 728 608 766 corpus
629 704 847 755 obnoxium
870 724 986 757 esset.
1046 718 1109 756 Ita
1128 716 1218 757 nexi
1239 718 1369 766 soluti,
1391 730 1480 756 cau-

140 789 306 832 tumque
326 780 366 820 in
386 788 589 832 posterum
609 794 660 820 ne
680 788 942 821 necterentur.

196 847 352 886 Eodem
373 860 480 886 anno
500 860 589 885 cum
616 845 708 886 satis
733 860 802 897 per
830 860 872 887 se
902 847 1032 899 ipsum
1065 848 1302 888 Samnitium
1331 849 1478 888 bellum
1508 859 1563 897 29

141 919 179 951 et
200 911 372 952 defectio
401 924 542 962 repens
574 913 825 952 Lucanorum
857 921 1118 964 auctoresque
1148 913 1383 953 defectionis
1403 916 1480 953 Ta-

142 977 284 1016 rentini
315 976 504 1016 sollicitos
539 976 731 1017 haberent
763 985 905 1028 patres,
946 978 1113 1018 accessit
1146 986 1188 1018 ut
1223 988 1261 1018 et
1292 978 1481 1018 Vestinus

142 1044 312 1094 populus
345 1041 588 1082 Samnitibus
616 1056 702 1082 sese
730 1043 999 1095 coniungeret.
1059 1045 1174 1094 Quae
1209 1058 1268 1084 res
1304 1046 1404 1085 sicut
1434 1058 1482 1085 eo
1506 1059 1519 1080 2

141 1121 247 1148 anno
273 1106 522 1147 sermonibus
551 1107 673 1158 magis
704 1109 850 1159 passim
881 1109 1089 1148 hominum
1120 1110 1262 1149 iactata
1291 1123 1410 1160 quam
1441 1109 1481 1148 in

142 1172 304 1224 publico
338 1173 419 1212 ullo
448 1172 618 1212 concilio
648 1181 717 1221 est,
743 1173 797 1213 ita
831 1174 1075 1225 insequentis
1110 1175 1204 1214 anni
1237 1175 1480 1225 consulibus,

144 1241 188 1279 L.
211 1238 331 1278 Furio
361 1237 533 1279 Camillo
562 1238 704 1278 iterum
737 1241 855 1279 Iunio
886 1241 1010 1280 Bruto
1039 1243 1225 1291 Scaeuae,
1247 1243 1356 1281 nulla
1380 1241 1485 1294 prior

144 1306 353 1357 potiorque
374 1305 459 1343 uisa
480 1311 539 1344 est
559 1305 610 1344 de
634 1318 713 1356 qua
731 1307 784 1345 ad
805 1313 986 1346 senatum
1011 1308 1208 1347 referrent.
1268 1309 1320 1347 Et
1349 1321 1484 1359 quam·
1508 1316 1525 1347 3

144 1385 265 1423 quam
283 1369 402 1423 (non)
422 1383 528 1410 noua
554 1384 614 1410 res
645 1378 738 1420 erat,
768 1378 902 1412 tamen
930 1379 1038 1412 tanta
1063 1387 1155 1412 cura
1175 1381 1305 1425 patres
1326 1373 1485 1414 incessit

145 1445 187 1476 ut
218 1436 361 1488 pariter
392 1449 480 1475 earn
517 1444 741 1487 susceptam
775 1438 1077 1489 neglectamque
1112 1439 1307 1487 timerent,
1338 1453 1390 1479 ne
1417 1447 1485 1479 aut

145 1501 358 1554 impunitas
379 1514 517 1541 eorum
539 1500 699 1540 lasciuia
722 1501 987 1553 superbiaque
1014 1510 1083 1542 aut
1112 1503 1219 1543 bello
1245 1517 1399 1555 poenae
1425 1517 1487 1543 ex-

145 1567 293 1620 petitae
306 1574 414 1607 metu
427 1566 653 1618 propinquo
667 1574 788 1618 atque
808 1568 862 1607 ira
877 1568 1080 1608 concirent
1096 1568 1285 1608 finitimos
1299 1572 1468 1621 populos
1476 1585 1487 1619 3

145 1642 184 1674 et
217 1641 299 1674 erat
327 1648 451 1686 genus
480 1647 600 1674 omne
630 1634 791 1674 abunde
829 1634 935 1674 bello
972 1634 1216 1674 Samnitibus
1250 1648 1328 1686 par,
1364 1637 1487 1675 Marsi
1507 1642 1527 1673 4

145 1699 403 1751 Paelignique
441 1707 481 1740 et
513 1699 739 1748 Marrucini,
781 1713 892 1751 quos,
932 1700 964 1739 si
994 1699 1183 1740 Vestinus
1221 1700 1485 1752 attingeretur,

146 1779 286 1806 omnes
319 1766 528 1806 habendos
555 1768 699 1806 hostes.
763 1766 869 1806 Vicit
902 1773 1036 1806 tamen
1065 1779 1156 1817 pars
1188 1779 1291 1817 quae
1313 1766 1353 1805 in
1382 1779 1487 1818 prae·
1510 1777 1527 1809 5

147 1832 273 1872 sentia
292 1831 418 1872 uideri
434 1832 561 1884 potuit
583 1832 741 1872 maioris
757 1831 880 1872 animi
901 1845 1020 1883 quam
1047 1831 1202 1871 consilii
1209 1847 1220 1881 3
1240 1833 1310 1872 sed
1323 1840 1490 1872 euentus

146 1897 284 1938 docuit
303 1899 423 1938 fortes
438 1899 635 1939 fortunam
652 1899 796 1940 iuuare.
845 1901 1001 1939 Bellum
1018 1912 1066 1938 ex
1088 1897 1321 1938 auctoritate
1336 1906 1489 1950 patrum
1510 1904 1529 1935 6

148 1964 319 2015 populus
355 1964 547 2004 aduersus
584 1965 772 2005 Vestinos
817 1964 940 2005 iussit.
1021 1964 1232 2004 Prouincia
1269 1976 1317 2003 ea
1355 1965 1489 2011 Bruto,

148 2029 353 2068 Samnium
375 2029 547 2071 Camillo
567 2038 670 2070 sorte
691 2030 835 2071 euenit.
901 2031 1105 2071 Exercitus
1130 2028 1299 2081 utroque
1325 2028 1434 2068 ducti
1454 2036 1492 2068 et
1514 2038 1529 2073 7

148 2108 242 2135 cura
267 2096 506 2135 tuendorum
537 2096 674 2135 finium
706 2098 841 2137 hostes
871 2097 1058 2149 prohibiti
1097 2096 1338 2147 coniungere
1372 2106 1491 2134 arma.

149 2161 336 2202 Ceterum
371 2162 537 2200 alterum
572 2163 776 2202 consulem
815 2164 857 2202 L.
894 2163 1068 2211 Furium,
1104 2164 1168 2202 cui
1203 2161 1328 2201 maior
1368 2161 1493 2199 moles
1513 2167 1531 2198 8

148 2239 278 2266 rerum
299 2225 485 2277 imposita
511 2234 602 2275 erat,
625 2227 767 2267 morbo
792 2227 901 2278 graui
931 2226 1167 2279 implicitum
1199 2228 1355 2267 fortuna
1386 2225 1494 2265 bello

193 2336 245 2371 29
272 2339 285 2360 1
313 2329 515 2361 Samnitium
531 2329 655 2362 bellum
671 2342 749 2362 cum
766 2332 874 2363 ceten's
892 2331 931 2363 H
946 2332 1028 2370 (non
1045 2335 1085 2363 ut
1099 2331 1205 2364 Drak.
1223 2331 1400 2373 adfirmat)

149 2384 170 2413 3
195 2383 263 2405 non
281 2383 370 2405 noua
390 2373 460 2412 (uel
479 2374 576 2416 nota)
602 2374 742 2407 Duker:
763 2385 851 2407 noua
876 2374 1108 2416 MPFUpOH
1114 2374 1241 2408 TDLA
1355 2387 1375 2415 4
1401 2375 1489 2407 bello

150 2417 357 2449 Samnitibus
374 2427 436 2457 par
453 2417 558 2450 Marsi
577 2418 800 2461 Paelignique
816 2424 851 2451 et
873 2418 948 2451 Mar
962 2429 1031 2451 om.
1057 2418 1089 2450 T
1269 2419 1360 2452 bello
1377 2419 1491 2453 ΜΘΗ

152 2461 252 2493 DLA
269 2473 276 2493 ε
299 2472 369 2493 om.
387 2460 551 2504 PFUpT²
