1722 2748
786 116 1111 156 PRAEFATIO

285 225 391 258 Gallis
407 227 599 269 triumphus
614 239 741 260 aurunt
758 228 793 259 in
813 229 960 270 capitolio
975 239 1059 261 saxo
1076 229 1239 270 quadrato
1255 234 1396 271 septum.
1447 230 1527 262 Mox
1551 234 1630 271 post

281 278 466 319 subactique
487 283 570 312 sunt
593 281 626 322 (ξ
649 283 685 322 9)
710 280 822 312 haec:
856 280 978 312 hernici
997 291 1037 313 ac
1052 281 1185 323 plaucio
1208 284 1294 313 coffi.
1318 282 1466 322 subacli3
1502 282 1629 315 deinde

282 335 361 370 post
386 331 504 363 milites
529 333 564 373 (§
592 333 647 374 10)
671 333 777 365 haec:
811 333 903 365 mala
926 338 1046 376 pugna
1064 334 1150 375 faui
1173 338 1256 367 σοῖιῖς.
1286 334 1470 368 aduersum
1503 336 1630 377 tarqui-

282 384 408 415 menses
429 395 450 415 a
473 384 594 425 quibus
619 386 727 419 ,cccvii
755 386 874 417 milites
901 387 991 428 capti
1011 387 1242 420 immolantur
1263 389 1419 428 romani3
1453 393 1630 430 postremo

281 439 360 474 post
382 435 472 476 sacti
493 439 526 478 (ξ
560 438 615 479 11)
639 438 745 470 haec:
781 437 844 481 dug
869 438 975 470 tn'bus
996 438 1106 472 addite
1129 441 1204 473 ludi
1227 441 1349 483 magni
1368 452 1452 483 quos
1475 443 1629 474 camillus

282 492 420 519 uouerat
442 488 565 522 redditi.
588 489 685 531 petili.
705 493 746 520 ffi
764 483 810 532 p‘l'.
834 491 961 533 rogatio
979 492 1135 534 patribus
1157 493 1347 525 auctoribus
1366 505 1457 526 nunc
1470 493 1628 535 primum

280 539 465 571 aduersum
482 541 650 573 ambitum
663 543 912 584 promulgatur.

327 602 356 631 7.
376 593 423 623 16.
442 593 464 623 6
481 598 556 634 post
572 597 686 624 actus:
705 594 908 634 priuernum
927 596 1049 627 marcio
1065 599 1139 627 co‘ns
1157 596 1296 629 deditur.

325 645 369 677 Et
386 646 420 678 in
441 649 489 687 §9
502 652 579 688 post
585 647 714 687 fecisset
727 657 736 679 t
755 649 964 690 prohibitum
983 649 1127 692 deinceps
1137 655 1201 693 per
1215 651 1286 683 trib.
1300 650 1348 693 p'.
1367 652 1448 693 leges
1460 651 1495 683 in
1513 653 1629 685 castris

275 698 361 736 ferri
374 698 439 740 (sic
456 709 590 740 quoque
607 700 682 732 cod.
701 700 852 743 Geleni).

326 760 355 789 7.
382 761 430 791 17.
455 761 475 782 2
499 757 577 792 post
608 753 781 785 uastauit:
811 753 930 794 falisci
962 758 991 786 et
1021 755 1260 796 tarquinienses
1285 757 1399 797 primo
1430 757 1508 789 bello
1538 759 1631 800 quod

271 806 422 846 fanatico
439 807 567 838 ambitu
579 811 754 849 gesserant
768 810 951 851 superiores
969 810 1048 841 uicti
1055 814 1170 851 postea
1186 811 1300 843 castris
1315 817 1494 845 exuuntur.

325 860 341 896 ξ
359 858 380 887 6
396 862 473 898 post
484 863 649 900 pauorem
664 870 672 891 z
696 862 901 892 etruscorum
917 861 1073 892 omnium
1093 862 1271 894 concitatio.

325 910 380 948 §8
403 915 482 951 post
507 911 628 943 iussit:
661 923 684 944 c.
710 912 855 944 marcius
878 913 994 945 utilius
1017 913 1156 946 dictator
1175 915 1312 956 primus
1335 926 1375 948 ex
1398 916 1486 959 plebe
1513 917 1630 950 dt'citur

281 966 366 1004 mag
378 973 458 1005 eque
467 963 632 1005 plebeium
643 964 819 1006 plancium
837 970 930 999 creat.

325 1018 341 1054 5
363 1025 404 1047 10
427 1022 506 1057 post
529 1016 631 1050 redit:
655 1017 826 1060 interreges
849 1019 909 1051 viii
933 1029 973 1051 ne
999 1018 1128 1051 comitia
1154 1024 1215 1062 per
1242 1021 1462 1063 magistratus
1486 1022 1627 1064 plebeios

279 1066 483 1101 haberentur.

325 1130 354 1160 7.
378 1121 427 1152 18.
444 1130 463 1161 5
479 1127 557 1162 post
572 1123 763 1164 accepissent
776 1134 783 1155 :
797 1123 970 1156 seditiones
979 1124 1157 1156 comitiales
1169 1124 1333 1166 plebeium
1349 1126 1541 1159 institutum
1558 1133 1627 1161 erat

279 1172 444 1205 consulem
457 1178 619 1215 poscentes
634 1176 745 1208 creari.

324 1236 356 1265 7.
376 1236 426 1267 19.
446 1237 466 1257 2
483 1232 562 1268 post
579 1228 739 1260 uenisset:
764 1229 957 1271 triumphus
971 1229 1010 1261 de
1031 1230 1226 1264 Tiburtibus,

324 1291 355 1321 7.
376 1291 425 1322 19.
446 1292 486 1314 10
501 1288 578 1323 post
594 1283 732 1317 indixit:
758 1283 921 1316 manilius
939 1284 960 1318 Ι.
971 1286 1005 1327 f.
1023 1285 1163 1318 dictator
1177 1290 1303 1318 creatur
1319 1285 1397 1319 bello
1413 1288 1510 1321 cerile.

323 1342 354 1372 7.
373 1344 426 1366 20.
444 1345 464 1366 2
480 1340 557 1375 post
575 1337 709 1368 ueniam
725 1348 734 1369 ς
758 1337 859 1379 legati
868 1338 1002 1370 ceritum
1019 1339 1139 1370 erroris
1156 1340 1290 1371 ueniam
1300 1344 1511 1381 praecamur.

324 1387 380 1426 §9
401 1391 480 1426 post
504 1386 646 1420 dedicata
670 1393 738 1421 est:
770 1389 884 1421 murri
911 1393 1101 1432 turresquae
1132 1395 1332 1433 reparantur
1356 1392 1445 1424 aedis
1473 1393 1625 1436 apollinis

279 1435 456 1469 dedicatur.

322 1500 354 1530 7.
367 1491 420 1523 28.
438 1501 460 1532 9
475 1497 552 1532 post
569 1491 650 1523 redit
666 1505 673 1524 :
697 1493 813 1526 iuditia
820 1493 941 1535 populi
953 1494 1084 1525 tristitia
1095 1494 1131 1525 in
1137 1494 1324 1535 feneratore
1334 1499 1383 1528 set
1390 1495 1623 1540 interregnum.

322 1542 353 1573 8.
382 1553 436 1575 20.
462 1552 482 1583 3
507 1548 588 1575 ante
617 1543 837 1585 Quinctilibus
863 1546 912 1587 (et
944 1555 1004 1586 pro
1032 1545 1237 1587 KalendisJJ:
1276 1539 1404 1588 quintif
1433 1560 1516 1590 quae
1538 1560 1627 1581 »tunc

278 1592 377 1624 iuliae
394 1598 475 1625 sunt
496 1598 599 1626 cor-tss.
627 1597 833 1638 magistrum
857 1598 959 1629 inisse
980 1596 1145 1630 aduersus
1170 1598 1340 1631 tumultus
1354 1600 1470 1643 gallici
1481 1603 1624 1642 samam

277 1648 372 1676 tanta
395 1656 474 1678 cura
498 1648 633 1679 exercita
657 1659 724 1680 esse
747 1650 966 1690 conscriptum
992 1653 1031 1682 ut
1051 1650 1180 1691 opifices
1202 1651 1303 1682 ctiam
1327 1655 1357 1683 et
1378 1652 1543 1684 sellularii
1554 1666 1623 1686 cen-

277 1697 494 1731 turiarentur.

319 1749 352 1779 8.
371 1759 422 1789 23.
444 1759 480 1780 11
507 1755 584 1790 post
603 1750 733 1791 itaque:
751 1751 890 1793 publilio
907 1751 1044 1793 philoni
1058 1751 1107 1784 ad
1124 1753 1323 1794 conficienda
1342 1759 1380 1786 cs«
1396 1754 1624 1795 palepolitanis

276 1799 572 1841 bellapconsulare
587 1802 725 1843 imperia
733 1803 951 1845 progabatnr
964 1804 1057 1845 (cum
1073 1804 1128 1846 A‘,
1148 1805 1281 1846 Fragm.
1299 1806 1460 1848 Haverk.,
1477 1807 1558 1841 Lov.
1574 1809 1621 1851 4).

320 1860 351 1889 9.
375 1859 424 1889 17.
444 1859 462 1889 7
481 1855 559 1890 post
576 1850 753 1883 Romanos
768 1863 775 1883 :
800 1852 861 1884 reb.
880 1853 999 1884 sicum
1015 1853 1211 1886 Alexandro
1216 1855 1307 1894 soret
1322 1854 1490 1888 bellatum.

332 1923 352 1972 ξ
372 1936 434 1974 39.
468 1923 628 1963 Deinde
665 1923 855 1976 grauioris
894 1925 1088 1965 momenti
1130 1926 1228 1966 uitia
1269 1930 1622 1969 commemoranda

277 1996 392 2028 sunt:
422 1987 628 2040 coniungit
649 1988 714 2028 hic
741 1990 869 2030 scriba
896 1990 1127 2040 diuidenda,
1149 1992 1432 2044 coniungenda
1451 1993 1597 2034 diuidit
1610 2008 1619 2042 ;

277 2054 401 2093 uerba
420 2054 584 2105 singula,
607 2063 710 2095 totas
730 2055 947 2096 sententias
966 2057 1079 2108 quasi
1108 2058 1284 2097 laborem
1310 2060 1535 2100 detractans
1556 2061 1621 2100 uel

277 2118 497 2158 dormitans
528 2121 592 2159 uel
625 2121 704 2160 huc
733 2120 826 2161 illuc
853 2123 994 2162 oculos
1021 2124 1264 2174 detorquens
1294 2126 1418 2164 modo
1451 2133 1621 2177 praeter-

277 2182 407 2232 mittit,
441 2186 563 2224 modo
597 2185 671 2233 bis,
703 2185 827 2226 immo
856 2194 926 2235 ter,
957 2187 1171 2238 describit;
1210 2189 1441 2240 saepissime
1471 2204 1618 2231 uocum

277 2249 341 2287 uel
373 2256 492 2299 caput
521 2251 584 2289 uel
616 2251 735 2290 finem
767 2253 833 2290 uel
867 2251 1019 2292 medias
1049 2261 1180 2305 partes
1210 2253 1392 2304 abscidit,
1424 2262 1468 2295 ut
1497 2256 1616 2296 etiam

276 2312 501 2352 Alschefski
521 2314 582 2353 uir
600 2314 910 2366 patientissimus
931 2316 1007 2357 sibi
1027 2324 1247 2369 temperare
1268 2333 1349 2359 non
1374 2320 1499 2372 possit
1520 2321 1616 2373 quin

275 2377 315 2416 in
336 2379 427 2418 adn.
456 2385 552 2418 tom.
584 2394 617 2427 2,
648 2395 682 2432 p.
718 2394 789 2430 172
820 2382 966 2422 scribat
997 2383 1060 2422 ‘in
1089 2386 1150 2433 M,
1185 2385 1285 2424 sicut
1313 2389 1461 2427 multae
1488 2396 1616 2439 partes

911 2464 975 2488 vm
