<?xml version="1.0" encoding="UTF-8"?>
<!DOCTYPE html PUBLIC "-//W3C//DTD XHTML 1.0 Transitional//EN"
    "http://www.w3.org/TR/xhtml1/DTD/xhtml1-transitional.dtd">
<html xmlns="http://www.w3.org/1999/xhtml" xml:lang="en" lang="en">
 <head>
  <title>
</title>
<meta http-equiv="Content-Type" content="text/html;charset=utf-8" />
  <meta name='ocr-system' content='tesseract 3.04.00' />
  <meta name='ocr-capabilities' content='ocr_page ocr_carea ocr_par ocr_line ocrx_word'/>
</head>
<body>
  <div class='ocr_page' id='page_1' title='image "./aburbeconditarec02livyuoft_0016.png"; bbox 0 0 1722 2748; ppageno 0'>
   <div class='ocr_carea' id='block_1_1' title="bbox 780 140 1106 180">
    <p class='ocr_par' dir='ltr' id='par_1_1' title="bbox 780 140 1106 180">
     <span class='ocr_line' id='line_1_1' title="bbox 780 140 1106 180; baseline 0.003 -1"><span class='ocrx_word' id='word_1_1' title='bbox 780 140 1106 180; x_wconf 86' lang='lat' dir='ltr'>PRAEFATIO</span> 
     </span>
    </p>
   </div>
   <div class='ocr_carea' id='block_1_2' title="bbox 263 250 1616 2400">
    <p class='ocr_par' dir='ltr' id='par_1_2' title="bbox 263 250 1616 613">
     <span class='ocr_line' id='line_1_2' title="bbox 268 250 1615 297; baseline -0.001 -12"><span class='ocrx_word' id='word_1_2' title='bbox 268 254 313 295; x_wconf 86' lang='lat'><strong>(8.</strong></span> <span class='ocrx_word' id='word_1_3' title='bbox 327 264 379 295; x_wconf 84' lang='lat'><strong>32.</strong></span> <span class='ocrx_word' id='word_1_4' title='bbox 397 253 463 297; x_wconf 83' lang='lat'><em>12),</em></span> <span class='ocrx_word' id='word_1_5' title='bbox 473 258 554 296; x_wconf 82' lang='lat' dir='ltr'><strong>prae</strong></span> <span class='ocrx_word' id='word_1_6' title='bbox 570 264 632 295; x_wconf 88' lang='lat' dir='ltr'><strong>pro</strong></span> <span class='ocrx_word' id='word_1_7' title='bbox 648 253 714 285; x_wconf 74' lang='lat' dir='ltr'><strong>irae</strong></span> <span class='ocrx_word' id='word_1_8' title='bbox 732 253 777 291; x_wconf 64' lang='lat'><strong>(8.</strong></span> <span class='ocrx_word' id='word_1_9' title='bbox 795 263 847 293; x_wconf 76' lang='lat'><strong>33.</strong></span> <span class='ocrx_word' id='word_1_10' title='bbox 870 253 938 294; x_wconf 86' lang='lat'><strong>15),</strong></span> <span class='ocrx_word' id='word_1_11' title='bbox 954 262 1112 293; x_wconf 81' lang='lat' dir='ltr'><strong>conquere</strong></span> <span class='ocrx_word' id='word_1_12' title='bbox 1121 256 1149 284; x_wconf 79' lang='lat' dir='ltr'><strong>et</strong></span> <span class='ocrx_word' id='word_1_13' title='bbox 1159 252 1257 294; x_wconf 79' lang='lat' dir='ltr'><em>siqui</em></span> <span class='ocrx_word' id='word_1_14' title='bbox 1265 262 1327 293; x_wconf 90' lang='lat' dir='ltr'><strong>pro</strong></span> <span class='ocrx_word' id='word_1_15' title='bbox 1339 262 1469 294; x_wconf 80' lang='lat' dir='ltr'><em>coquere</em></span> <span class='ocrx_word' id='word_1_16' title='bbox 1479 255 1509 284; x_wconf 76' lang='lat' dir='ltr'><strong>et</strong></span> <span class='ocrx_word' id='word_1_17' title='bbox 1518 250 1615 292; x_wconf 76' lang='lat' dir='ltr'><strong>sequi</strong></span> 
     </span>
     <span class='ocr_line' id='line_1_3' title="bbox 270 303 1615 349; baseline 0.001 -11"><span class='ocrx_word' id='word_1_18' title='bbox 270 306 314 346; x_wconf 83' lang='lat'><strong>(8.</strong></span> <span class='ocrx_word' id='word_1_19' title='bbox 336 306 384 338; x_wconf 88' lang='lat'><strong>18.</strong></span> <span class='ocrx_word' id='word_1_20' title='bbox 401 307 460 349; x_wconf 83' lang='lat'><strong>2);</strong></span> <span class='ocrx_word' id='word_1_21' title='bbox 484 305 532 338; x_wconf 87' lang='lat' dir='ltr'><strong>ad</strong></span> <span class='ocrx_word' id='word_1_22' title='bbox 557 306 639 337; x_wconf 89' lang='lat' dir='ltr'><strong>bono</strong></span> <span class='ocrx_word' id='word_1_23' title='bbox 662 316 724 347; x_wconf 88' lang='lat' dir='ltr'><strong>pro</strong></span> <span class='ocrx_word' id='word_1_24' title='bbox 750 305 792 336; x_wconf 86' lang='lat' dir='ltr'><strong>ab</strong></span> <span class='ocrx_word' id='word_1_25' title='bbox 820 315 910 336; x_wconf 88' lang='lat' dir='ltr'><strong>nouo</strong></span> <span class='ocrx_word' id='word_1_26' title='bbox 936 305 981 347; x_wconf 90' lang='lat'><strong>(6.</strong></span> <span class='ocrx_word' id='word_1_27' title='bbox 1002 314 1034 345; x_wconf 85' lang='lat'><strong>3.</strong></span> <span class='ocrx_word' id='word_1_28' title='bbox 1054 305 1100 346; x_wconf 86' lang='lat'><strong>6),</strong></span> <span class='ocrx_word' id='word_1_29' title='bbox 1120 305 1355 348; x_wconf 75' lang='lat' dir='ltr'><strong>prcfiterolebis</strong></span> <span class='ocrx_word' id='word_1_30' title='bbox 1379 314 1440 345; x_wconf 88' lang='lat' dir='ltr'><strong>pro</strong></span> <span class='ocrx_word' id='word_1_31' title='bbox 1457 303 1615 345; x_wconf 69' lang='lat' dir='ltr'><strong>profileor</strong></span> 
     </span>
     <span class='ocr_line' id='line_1_4' title="bbox 263 356 1615 402; baseline 0.001 -12"><span class='ocrx_word' id='word_1_32' title='bbox 263 359 364 400; x_wconf 71' lang='lat' dir='ltr'><strong>plebis</strong></span> <span class='ocrx_word' id='word_1_33' title='bbox 390 359 436 401; x_wconf 92' lang='lat'><strong>(6.</strong></span> <span class='ocrx_word' id='word_1_34' title='bbox 459 360 508 391; x_wconf 91' lang='lat'><strong>18.</strong></span> <span class='ocrx_word' id='word_1_35' title='bbox 532 361 599 401; x_wconf 84' lang='lat'>14),</span> <span class='ocrx_word' id='word_1_36' title='bbox 631 358 884 399; x_wconf 71' lang='lat' dir='ltr'><strong>addtffidaiuros</strong></span> <span class='ocrx_word' id='word_1_37' title='bbox 909 368 971 399; x_wconf 89' lang='lat' dir='ltr'><strong>pro</strong></span> <span class='ocrx_word' id='word_1_38' title='bbox 999 357 1099 399; x_wconf 85' lang='lat' dir='ltr'><em>adfici</em></span> <span class='ocrx_word' id='word_1_39' title='bbox 1122 359 1262 392; x_wconf 85' lang='lat' dir='ltr'><strong>daturos</strong></span> <span class='ocrx_word' id='word_1_40' title='bbox 1290 361 1338 402; x_wconf 90' lang='lat'><strong>(7.</strong></span> <span class='ocrx_word' id='word_1_41' title='bbox 1362 369 1414 391; x_wconf 85' lang='lat'><strong>20.</strong></span> <span class='ocrx_word' id='word_1_42' title='bbox 1439 358 1502 400; x_wconf 80' lang='lat'><strong>7);</strong></span> <span class='ocrx_word' id='word_1_43' title='bbox 1524 356 1615 388; x_wconf 81' lang='lat' dir='ltr'><strong>inter</strong></span> 
     </span>
     <span class='ocr_line' id='line_1_5' title="bbox 269 410 1616 454; baseline -0.001 -10"><span class='ocrx_word' id='word_1_44' title='bbox 269 413 426 454; x_wconf 83' lang='lat' dir='ltr'><strong>exempla</strong></span> <span class='ocrx_word' id='word_1_45' title='bbox 450 423 572 444; x_wconf 85' lang='lat' dir='ltr'><strong>uocum</strong></span> <span class='ocrx_word' id='word_1_46' title='bbox 599 412 633 444; x_wconf 91' lang='lat' dir='ltr'><strong>in</strong></span> <span class='ocrx_word' id='word_1_47' title='bbox 664 423 767 445; x_wconf 88' lang='lat' dir='ltr'><strong>uoces</strong></span> <span class='ocrx_word' id='word_1_48' title='bbox 797 412 950 444; x_wconf 80' lang='lat' dir='ltr'>notiores</span> <span class='ocrx_word' id='word_1_49' title='bbox 974 412 1218 453; x_wconf 83' lang='lat' dir='ltr'><strong>productarum</strong></span> <span class='ocrx_word' id='word_1_50' title='bbox 1238 414 1304 445; x_wconf 89' lang='lat' dir='ltr'><strong>hae</strong></span> <span class='ocrx_word' id='word_1_51' title='bbox 1324 417 1427 444; x_wconf 85' lang='lat' dir='ltr'><strong>sunt:</strong></span> <span class='ocrx_word' id='word_1_52' title='bbox 1455 410 1616 452; x_wconf 78' lang='lat' dir='ltr'><strong>religioni·</strong></span> 
     </span>
     <span class='ocr_line' id='line_1_6' title="bbox 267 464 1611 509; baseline -0.001 -12"><span class='ocrx_word' id='word_1_53' title='bbox 267 467 328 498; x_wconf 84' lang='lat' dir='ltr'><strong>bus</strong></span> <span class='ocrx_word' id='word_1_54' title='bbox 345 477 407 508; x_wconf 87' lang='lat' dir='ltr'><strong>pro</strong></span> <span class='ocrx_word' id='word_1_55' title='bbox 423 467 603 508; x_wconf 75' lang='lat' dir='ltr'><em>legionibus</em></span> <span class='ocrx_word' id='word_1_56' title='bbox 619 468 667 509; x_wconf 91' lang='lat'><strong>(8.</strong></span> <span class='ocrx_word' id='word_1_57' title='bbox 679 477 709 508; x_wconf 90' lang='lat'><strong>9.</strong></span> <span class='ocrx_word' id='word_1_58' title='bbox 724 467 774 509; x_wconf 86' lang='grc'><strong>4),</strong></span> <span class='ocrx_word' id='word_1_59' title='bbox 792 467 827 498; x_wconf 82' lang='lat' dir='ltr'><strong>in</strong></span> <span class='ocrx_word' id='word_1_60' title='bbox 844 466 1077 499; x_wconf 66' lang='lat' dir='ltr'><strong>dedic-attonem</strong></span> <span class='ocrx_word' id='word_1_61' title='bbox 1093 478 1156 508; x_wconf 91' lang='lat' dir='ltr'><strong>pro</strong></span> <span class='ocrx_word' id='word_1_62' title='bbox 1171 468 1207 500; x_wconf 85' lang='lat' dir='ltr'><strong>in</strong></span> <span class='ocrx_word' id='word_1_63' title='bbox 1221 467 1420 499; x_wconf 77' lang='lat' dir='ltr'><strong>deditt&#39;onem</strong></span> <span class='ocrx_word' id='word_1_64' title='bbox 1437 467 1485 506; x_wconf 90' lang='lat'><strong>(6.</strong></span> <span class='ocrx_word' id='word_1_65' title='bbox 1498 475 1551 507; x_wconf 93' lang='grc'><strong>29.</strong></span> <span class='ocrx_word' id='word_1_66' title='bbox 1564 464 1611 508; x_wconf 90' lang='grc'><strong>8),</strong></span> 
     </span>
     <span class='ocr_line' id='line_1_7' title="bbox 266 518 1610 562; baseline 0.001 -12"><span class='ocrx_word' id='word_1_67' title='bbox 266 521 420 551; x_wconf 80' lang='lat' dir='ltr'><strong>exercitus</strong></span> <span class='ocrx_word' id='word_1_68' title='bbox 437 530 498 561; x_wconf 89' lang='lat' dir='ltr'><strong>pro</strong></span> <span class='ocrx_word' id='word_1_69' title='bbox 508 521 615 551; x_wconf 76' lang='lat' dir='ltr'><strong>exitus</strong></span> <span class='ocrx_word' id='word_1_70' title='bbox 633 521 678 562; x_wconf 87' lang='lat'><strong>(7.</strong></span> <span class='ocrx_word' id='word_1_71' title='bbox 690 530 743 560; x_wconf 84' lang='lat'><strong>34.</strong></span> <span class='ocrx_word' id='word_1_72' title='bbox 755 519 806 561; x_wconf 82' lang='lat'><strong>4),</strong></span> <span class='ocrx_word' id='word_1_73' title='bbox 823 523 1089 552; x_wconf 82' lang='lat' dir='ltr'><strong>semenoctumas</strong></span> <span class='ocrx_word' id='word_1_74' title='bbox 1099 531 1163 562; x_wconf 91' lang='lat' dir='ltr'><strong>pro</strong></span> <span class='ocrx_word' id='word_1_75' title='bbox 1175 531 1210 552; x_wconf 82' lang='lat' dir='ltr'><strong>se</strong></span> <span class='ocrx_word' id='word_1_76' title='bbox 1220 520 1422 552; x_wconf 76' lang='lat' dir='ltr'><strong>Menturnas</strong></span> <span class='ocrx_word' id='word_1_77' title='bbox 1438 519 1485 560; x_wconf 87' lang='lat'><strong>(8.</strong></span> <span class='ocrx_word' id='word_1_78' title='bbox 1500 529 1551 551; x_wconf 85' lang='lat'><strong>10.</strong></span> <span class='ocrx_word' id='word_1_79' title='bbox 1563 518 1610 561; x_wconf 88' lang='grc'><strong>9),</strong></span> 
     </span>
     <span class='ocr_line' id='line_1_8' title="bbox 267 573 834 613; baseline 0.004 -11"><span class='ocrx_word' id='word_1_80' title='bbox 267 573 419 603; x_wconf 77' lang='lat' dir='ltr'><strong>instituta</strong></span> <span class='ocrx_word' id='word_1_81' title='bbox 439 582 500 613; x_wconf 90' lang='lat' dir='ltr'><strong>pro</strong></span> <span class='ocrx_word' id='word_1_82' title='bbox 517 573 633 603; x_wconf 73' lang='lat' dir='ltr'><strong>institit</strong></span> <span class='ocrx_word' id='word_1_83' title='bbox 649 573 694 613; x_wconf 89' lang='lat'><strong>(8.</strong></span> <span class='ocrx_word' id='word_1_84' title='bbox 713 573 765 612; x_wconf 85' lang='lat'><strong>38.</strong></span> <span class='ocrx_word' id='word_1_85' title='bbox 786 574 834 613; x_wconf 87' lang='lat'><strong>5).</strong></span> 
     </span>
    </p>

    <p class='ocr_par' dir='ltr' id='par_1_3' title="bbox 266 624 1615 1142">
     <span class='ocr_line' id='line_1_9' title="bbox 313 624 1614 668; baseline -0.001 -10"><span class='ocrx_word' id='word_1_86' title='bbox 313 626 513 658; x_wconf 85' lang='lat' dir='ltr'><strong>Mendorum</strong></span> <span class='ocrx_word' id='word_1_87' title='bbox 531 638 618 668; x_wconf 86' lang='lat' dir='ltr'><strong>quac</strong></span> <span class='ocrx_word' id='word_1_88' title='bbox 636 627 694 658; x_wconf 89' lang='lat' dir='ltr'><strong>uix</strong></span> <span class='ocrx_word' id='word_1_89' title='bbox 712 627 746 658; x_wconf 91' lang='lat' dir='ltr'><strong>in</strong></span> <span class='ocrx_word' id='word_1_90' title='bbox 764 638 867 659; x_wconf 88' lang='lat' dir='ltr'><strong>unum</strong></span> <span class='ocrx_word' id='word_1_91' title='bbox 891 626 944 659; x_wconf 84' lang='lat' dir='ltr'><strong>uel</strong></span> <span class='ocrx_word' id='word_1_92' title='bbox 968 627 1002 658; x_wconf 85' lang='lat' dir='ltr'><strong>in</strong></span> <span class='ocrx_word' id='word_1_93' title='bbox 1028 628 1132 660; x_wconf 87' lang='lat' dir='ltr'><strong>ullum</strong></span> <span class='ocrx_word' id='word_1_94' title='bbox 1149 638 1327 660; x_wconf 89' lang='lat' dir='ltr'><strong>numerum</strong></span> <span class='ocrx_word' id='word_1_95' title='bbox 1347 626 1464 658; x_wconf 80' lang='lat' dir='ltr'>reduci</span> <span class='ocrx_word' id='word_1_96' title='bbox 1481 624 1614 667; x_wconf 82' lang='lat' dir='ltr'><strong>possint</strong></span> 
     </span>
     <span class='ocr_line' id='line_1_10' title="bbox 268 671 1613 723; baseline 0.001 -14"><span class='ocrx_word' id='word_1_97' title='bbox 268 679 351 710; x_wconf 80' lang='lat' dir='ltr'><strong>haec</strong></span> <span class='ocrx_word' id='word_1_98' title='bbox 375 684 455 711; x_wconf 87' lang='lat' dir='ltr'><strong>sunt</strong></span> <span class='ocrx_word' id='word_1_99' title='bbox 483 679 662 719; x_wconf 85' lang='lat' dir='ltr'><strong>exempla:</strong></span> <span class='ocrx_word' id='word_1_100' title='bbox 697 671 853 711; x_wconf 66' lang='lat' dir='ltr'><strong>omriz‘um</strong></span> <span class='ocrx_word' id='word_1_101' title='bbox 881 689 944 720; x_wconf 89' lang='lat' dir='ltr'><strong>pro</strong></span> <span class='ocrx_word' id='word_1_102' title='bbox 974 680 1142 721; x_wconf 75' lang='lat' dir='ltr'><strong>optimum</strong></span> <span class='ocrx_word' id='word_1_103' title='bbox 1168 682 1213 723; x_wconf 86' lang='lat'><strong>(6.</strong></span> <span class='ocrx_word' id='word_1_104' title='bbox 1239 691 1292 721; x_wconf 88' lang='grc'><strong>24.</strong></span> <span class='ocrx_word' id='word_1_105' title='bbox 1321 680 1389 722; x_wconf 78' lang='lat'>10),</span> <span class='ocrx_word' id='word_1_106' title='bbox 1418 677 1526 711; x_wconf 75' lang='lat' dir='ltr'><strong>sedere</strong></span> <span class='ocrx_word' id='word_1_107' title='bbox 1551 688 1613 719; x_wconf 81' lang='lat' dir='ltr'><strong>pro</strong></span> 
     </span>
     <span class='ocr_line' id='line_1_11' title="bbox 269 730 1612 775; baseline 0 -14"><span class='ocrx_word' id='word_1_108' title='bbox 269 730 424 762; x_wconf 82' lang='lat' dir='ltr'><strong>secundae</strong></span> <span class='ocrx_word' id='word_1_109' title='bbox 442 732 486 772; x_wconf 90' lang='lat'><strong>(6.</strong></span> <span class='ocrx_word' id='word_1_110' title='bbox 499 741 540 771; x_wconf 86' lang='lat'><strong>25</strong></span> <span class='ocrx_word' id='word_1_111' title='bbox 561 732 609 770; x_wconf 52' lang='grc'>3),</span> <span class='ocrx_word' id='word_1_112' title='bbox 622 731 748 773; x_wconf 82' lang='lat' dir='ltr'><strong>proelio</strong></span> <span class='ocrx_word' id='word_1_113' title='bbox 765 742 827 772; x_wconf 87' lang='lat' dir='ltr'><strong>pro</strong></span> <span class='ocrx_word' id='word_1_114' title='bbox 847 731 984 772; x_wconf 74' lang='lat' dir='ltr'><strong>imperio</strong></span> <span class='ocrx_word' id='word_1_115' title='bbox 999 731 1044 772; x_wconf 88' lang='lat'><strong>(6.</strong></span> <span class='ocrx_word' id='word_1_116' title='bbox 1055 742 1111 772; x_wconf 89' lang='lat'><strong>35.</strong></span> <span class='ocrx_word' id='word_1_117' title='bbox 1127 732 1173 775; x_wconf 83' lang='lat'><strong>1),</strong></span> <span class='ocrx_word' id='word_1_118' title='bbox 1188 736 1279 764; x_wconf 69' lang='lat' dir='ltr'><strong>scuta</strong></span> <span class='ocrx_word' id='word_1_119' title='bbox 1294 735 1435 764; x_wconf 85' lang='lat' dir='ltr'><em>acutum</em></span> <span class='ocrx_word' id='word_1_120' title='bbox 1449 741 1549 763; x_wconf 86' lang='lat' dir='ltr'><strong>cursu</strong></span> <span class='ocrx_word' id='word_1_121' title='bbox 1560 753 1568 761; x_wconf 89' lang='lat'><strong>.</strong></span> <span class='ocrx_word' id='word_1_122' title='bbox 1583 752 1589 762; x_wconf 40' lang='grc' dir='ltr'><em>ι</em></span> <span class='ocrx_word' id='word_1_123' title='bbox 1605 753 1612 761; x_wconf 96' lang='grc'><strong><em>.</em></strong></span> 
     </span>
     <span class='ocr_line' id='line_1_12' title="bbox 266 783 1612 827; baseline 0.001 -13"><span class='ocrx_word' id='word_1_124' title='bbox 266 783 444 815; x_wconf 79' lang='lat' dir='ltr'><strong>subsistent</strong></span> <span class='ocrx_word' id='word_1_125' title='bbox 469 795 532 824; x_wconf 87' lang='lat' dir='ltr'><strong>pro</strong></span> <span class='ocrx_word' id='word_1_126' title='bbox 557 788 648 815; x_wconf 82' lang='lat' dir='ltr'><strong>scuta</strong></span> <span class='ocrx_word' id='word_1_127' title='bbox 673 795 749 815; x_wconf 90' lang='lat' dir='ltr'><strong>cum</strong></span> <span class='ocrx_word' id='word_1_128' title='bbox 775 795 875 816; x_wconf 76' lang='lat' dir='ltr'><strong>cursu</strong></span> <span class='ocrx_word' id='word_1_129' title='bbox 893 808 901 816; x_wconf 90' lang='lat'><strong>.</strong></span> <span class='ocrx_word' id='word_1_130' title='bbox 924 809 931 816; x_wconf 94' lang='lat'><strong>.</strong></span> <span class='ocrx_word' id='word_1_131' title='bbox 953 808 961 816; x_wconf 87' lang='lat'><strong>.</strong></span> <span class='ocrx_word' id='word_1_132' title='bbox 981 784 1145 817; x_wconf 78' lang='lat' dir='ltr'><em>subissent</em></span> <span class='ocrx_word' id='word_1_133' title='bbox 1168 785 1216 827; x_wconf 90' lang='lat'><strong>(7.</strong></span> <span class='ocrx_word' id='word_1_134' title='bbox 1235 796 1289 827; x_wconf 86' lang='grc'><strong>23.</strong></span> <span class='ocrx_word' id='word_1_135' title='bbox 1308 786 1356 827; x_wconf 90' lang='grc'><strong>9),</strong></span> <span class='ocrx_word' id='word_1_136' title='bbox 1388 785 1521 827; x_wconf 65' lang='lat' dir='ltr'><strong>indtgm&#39;</strong></span> <span class='ocrx_word' id='word_1_137' title='bbox 1543 795 1612 816; x_wconf 71' lang='lat' dir='ltr'><strong>nm</strong></span> 
     </span>
     <span class='ocr_line' id='line_1_13' title="bbox 267 835 1613 878; baseline 0 -12"><span class='ocrx_word' id='word_1_138' title='bbox 267 835 378 867; x_wconf 78' lang='lat' dir='ltr'><strong>eodem</strong></span> <span class='ocrx_word' id='word_1_139' title='bbox 394 836 501 867; x_wconf 77' lang='lat' dir='ltr'><strong>decore</strong></span> <span class='ocrx_word' id='word_1_140' title='bbox 517 860 524 867; x_wconf 92' lang='lat'><strong>.</strong></span> <span class='ocrx_word' id='word_1_141' title='bbox 544 861 551 868; x_wconf 92' lang='lat'><strong>.</strong></span> <span class='ocrx_word' id='word_1_142' title='bbox 571 861 578 868; x_wconf 93' lang='lat'><strong>.</strong></span> <span class='ocrx_word' id='word_1_143' title='bbox 597 840 714 877; x_wconf 83' lang='lat' dir='ltr'><strong>raptus</strong></span> <span class='ocrx_word' id='word_1_144' title='bbox 729 847 792 877; x_wconf 87' lang='lat' dir='ltr'><strong>pro</strong></span> <span class='ocrx_word' id='word_1_145' title='bbox 809 836 1030 878; x_wconf 82' lang='lat' dir='ltr'><em>indigniorem</em></span> <span class='ocrx_word' id='word_1_146' title='bbox 1047 848 1081 869; x_wconf 80' lang='lat' dir='ltr'><strong>eo</strong></span> <span class='ocrx_word' id='word_1_147' title='bbox 1097 837 1205 869; x_wconf 74' lang='lat' dir='ltr'><strong>decore</strong></span> <span class='ocrx_word' id='word_1_148' title='bbox 1220 862 1228 870; x_wconf 89' lang='lat'><strong>.</strong></span> <span class='ocrx_word' id='word_1_149' title='bbox 1249 863 1255 870; x_wconf 94' lang='lat'><strong>.</strong></span> <span class='ocrx_word' id='word_1_150' title='bbox 1274 863 1281 870; x_wconf 89' lang='lat'><strong>.</strong></span> <span class='ocrx_word' id='word_1_151' title='bbox 1300 835 1394 870; x_wconf 68' lang='lat' dir='ltr'><strong>rinus</strong></span> <span class='ocrx_word' id='word_1_152' title='bbox 1413 838 1457 878; x_wconf 89' lang='lat'><strong>(7.</strong></span> <span class='ocrx_word' id='word_1_153' title='bbox 1475 838 1528 868; x_wconf 87' lang='grc'><strong>26.</strong></span> <span class='ocrx_word' id='word_1_154' title='bbox 1547 836 1585 878; x_wconf 86' lang='grc'><strong>2)</strong></span> <span class='ocrx_word' id='word_1_155' title='bbox 1604 846 1613 876; x_wconf 89' lang='lat'>;</span> 
     </span>
     <span class='ocr_line' id='line_1_14' title="bbox 266 887 1611 931; baseline 0.001 -13"><span class='ocrx_word' id='word_1_156' title='bbox 266 888 386 919; x_wconf 69' lang='lat' dir='ltr'><strong>statius</strong></span> <span class='ocrx_word' id='word_1_157' title='bbox 408 887 524 929; x_wconf 80' lang='lat' dir='ltr'><strong>delegit</strong></span> <span class='ocrx_word' id='word_1_158' title='bbox 545 888 665 919; x_wconf 84' lang='lat' dir='ltr'><strong>ubcum</strong></span> <span class='ocrx_word' id='word_1_159' title='bbox 689 898 751 928; x_wconf 92' lang='lat' dir='ltr'><strong>pro</strong></span> <span class='ocrx_word' id='word_1_160' title='bbox 774 889 908 920; x_wconf 77' lang='lat' dir='ltr'><strong>statiuis</strong></span> <span class='ocrx_word' id='word_1_161' title='bbox 930 887 1046 930; x_wconf 81' lang='lat' dir='ltr'><strong>delegit</strong></span> <span class='ocrx_word' id='word_1_162' title='bbox 1063 889 1124 920; x_wconf 84' lang='lat' dir='ltr'><strong>ubi</strong></span> <span class='ocrx_word' id='word_1_163' title='bbox 1142 901 1219 921; x_wconf 87' lang='lat' dir='ltr'><strong>cum</strong></span> <span class='ocrx_word' id='word_1_164' title='bbox 1245 890 1288 931; x_wconf 83' lang='lat'><strong>(7.</strong></span> <span class='ocrx_word' id='word_1_165' title='bbox 1309 899 1362 930; x_wconf 90' lang='grc'><strong>25.</strong></span> <span class='ocrx_word' id='word_1_166' title='bbox 1383 898 1423 929; x_wconf 83' lang='grc'><strong>13</strong></span> <span class='ocrx_word' id='word_1_167' title='bbox 1438 893 1473 920; x_wconf 83' lang='lat' dir='ltr'><strong>et</strong></span> <span class='ocrx_word' id='word_1_168' title='bbox 1489 889 1543 920; x_wconf 89' lang='grc'><strong>26.</strong></span> <span class='ocrx_word' id='word_1_169' title='bbox 1564 887 1611 929; x_wconf 88' lang='lat'><strong>1),</strong></span> 
     </span>
     <span class='ocr_line' id='line_1_15' title="bbox 269 939 1613 983; baseline 0.001 -13"><span class='ocrx_word' id='word_1_170' title='bbox 269 940 362 980; x_wconf 71' lang='lat' dir='ltr'><strong>resen</strong></span> <span class='ocrx_word' id='word_1_171' title='bbox 383 950 443 980; x_wconf 90' lang='lat' dir='ltr'><strong>pro</strong></span> <span class='ocrx_word' id='word_1_172' title='bbox 458 939 568 980; x_wconf 79' lang='lat' dir='ltr'><em>serent</em></span> <span class='ocrx_word' id='word_1_173' title='bbox 585 940 630 981; x_wconf 88' lang='lat'><strong>(7.</strong></span> <span class='ocrx_word' id='word_1_174' title='bbox 647 941 700 979; x_wconf 83' lang='lat'><strong>36.</strong></span> <span class='ocrx_word' id='word_1_175' title='bbox 719 940 768 981; x_wconf 85' lang='grc'><strong>5),</strong></span> <span class='ocrx_word' id='word_1_176' title='bbox 791 951 916 972; x_wconf 84' lang='lat' dir='ltr'><strong>numen</strong></span> <span class='ocrx_word' id='word_1_177' title='bbox 933 944 1049 973; x_wconf 80' lang='lat' dir='ltr'><strong>neutro</strong></span> <span class='ocrx_word' id='word_1_178' title='bbox 1072 952 1135 983; x_wconf 91' lang='lat' dir='ltr'><strong>pro</strong></span> <span class='ocrx_word' id='word_1_179' title='bbox 1160 947 1277 974; x_wconf 79' lang='lat' dir='ltr'><strong>neutro</strong></span> <span class='ocrx_word' id='word_1_180' title='bbox 1295 944 1340 983; x_wconf 83' lang='lat'><strong>(8.</strong></span> <span class='ocrx_word' id='word_1_181' title='bbox 1358 952 1385 973; x_wconf 90' lang='lat'><strong>1.</strong></span> <span class='ocrx_word' id='word_1_182' title='bbox 1402 941 1452 982; x_wconf 65' lang='grc'>4),</span> <span class='ocrx_word' id='word_1_183' title='bbox 1466 943 1613 982; x_wconf 72' lang='lat' dir='ltr'><strong>partem-</strong></span> 
     </span>
     <span class='ocr_line' id='line_1_16' title="bbox 269 992 1615 1038; baseline 0.002 -15"><span class='ocrx_word' id='word_1_184' title='bbox 269 992 417 1025; x_wconf 69' lang='lat' dir='ltr'><strong>derelur.</strong></span> <span class='ocrx_word' id='word_1_185' title='bbox 438 1016 446 1025; x_wconf 90' lang='lat'><strong>.</strong></span> <span class='ocrx_word' id='word_1_186' title='bbox 467 1017 474 1025; x_wconf 88' lang='lat'><strong>.</strong></span> <span class='ocrx_word' id='word_1_187' title='bbox 491 992 626 1033; x_wconf 80' lang='lat' dir='ltr'><em>implebe</em></span> <span class='ocrx_word' id='word_1_188' title='bbox 648 1003 711 1034; x_wconf 91' lang='lat' dir='ltr'><strong>pro</strong></span> <span class='ocrx_word' id='word_1_189' title='bbox 733 993 980 1035; x_wconf 77' lang='lat' dir='ltr'><em>portenderetur</em></span> <span class='ocrx_word' id='word_1_190' title='bbox 1001 1017 1008 1025; x_wconf 92' lang='lat'><strong>.</strong></span> <span class='ocrx_word' id='word_1_191' title='bbox 1037 1019 1043 1027; x_wconf 92' lang='lat'><strong>.</strong></span> <span class='ocrx_word' id='word_1_192' title='bbox 1071 1020 1076 1027; x_wconf 92' lang='lat'><strong>.</strong></span> <span class='ocrx_word' id='word_1_193' title='bbox 1103 995 1250 1037; x_wconf 82' lang='lat' dir='ltr'><strong>impleret</strong></span> <span class='ocrx_word' id='word_1_194' title='bbox 1274 996 1322 1038; x_wconf 92' lang='lat'><strong>(8.</strong></span> <span class='ocrx_word' id='word_1_195' title='bbox 1340 997 1374 1028; x_wconf 89' lang='lat'><strong>6.</strong></span> <span class='ocrx_word' id='word_1_196' title='bbox 1394 993 1461 1035; x_wconf 78' lang='grc' dir='ltr'><strong>Π),</strong></span> <span class='ocrx_word' id='word_1_197' title='bbox 1485 993 1615 1026; x_wconf 80' lang='lat' dir='ltr'><strong>Corneli</strong></span> 
     </span>
     <span class='ocr_line' id='line_1_17' title="bbox 267 1044 1610 1089; baseline 0.003 -14"><span class='ocrx_word' id='word_1_198' title='bbox 267 1044 415 1084; x_wconf 78' lang='lat' dir='ltr'><em>quiante</em></span> <span class='ocrx_word' id='word_1_199' title='bbox 432 1054 492 1084; x_wconf 91' lang='lat' dir='ltr'><strong>pro</strong></span> <span class='ocrx_word' id='word_1_200' title='bbox 511 1044 660 1076; x_wconf 82' lang='lat' dir='ltr'><strong>Cornelio</strong></span> <span class='ocrx_word' id='word_1_201' title='bbox 684 1045 763 1086; x_wconf 81' lang='lat' dir='ltr'><strong>quia</strong></span> <span class='ocrx_word' id='word_1_202' title='bbox 781 1057 819 1077; x_wconf 78' lang='lat' dir='ltr'><strong>ne</strong></span> <span class='ocrx_word' id='word_1_203' title='bbox 843 1046 888 1086; x_wconf 81' lang='lat'><strong>(8.</strong></span> <span class='ocrx_word' id='word_1_204' title='bbox 905 1056 957 1086; x_wconf 83' lang='grc'><strong>23,</strong></span> <span class='ocrx_word' id='word_1_205' title='bbox 981 1046 1049 1086; x_wconf 74' lang='grc'>13),</span> <span class='ocrx_word' id='word_1_206' title='bbox 1071 1047 1252 1088; x_wconf 64' lang='lat' dir='ltr'><strong>euutgncm&#39;</strong></span> <span class='ocrx_word' id='word_1_207' title='bbox 1271 1057 1334 1088; x_wconf 90' lang='lat' dir='ltr'><strong>pro</strong></span> <span class='ocrx_word' id='word_1_208' title='bbox 1357 1057 1416 1079; x_wconf 83' lang='lat' dir='ltr'><strong>seu</strong></span> <span class='ocrx_word' id='word_1_209' title='bbox 1435 1046 1551 1089; x_wconf 76' lang='lat' dir='ltr'><strong>ignari</strong></span> <span class='ocrx_word' id='word_1_210' title='bbox 1564 1045 1610 1089; x_wconf 87' lang='lat'><strong>(8.</strong></span> 
     </span>
     <span class='ocr_line' id='line_1_18' title="bbox 267 1096 1039 1142; baseline 0.005 -15"><span class='ocrx_word' id='word_1_211' title='bbox 267 1098 318 1136; x_wconf 87' lang='lat'><strong>36.</strong></span> <span class='ocrx_word' id='word_1_212' title='bbox 340 1097 389 1139; x_wconf 82' lang='grc'>2),</span> <span class='ocrx_word' id='word_1_213' title='bbox 405 1096 594 1128; x_wconf 71' lang='lat' dir='ltr'><strong>altissimus</strong></span> <span class='ocrx_word' id='word_1_214' title='bbox 611 1107 673 1137; x_wconf 89' lang='lat' dir='ltr'><strong>pro</strong></span> <span class='ocrx_word' id='word_1_215' title='bbox 694 1096 835 1129; x_wconf 82' lang='lat' dir='ltr'><strong>ultimus</strong></span> <span class='ocrx_word' id='word_1_216' title='bbox 853 1098 897 1139; x_wconf 88' lang='lat'><strong>(8.</strong></span> <span class='ocrx_word' id='word_1_217' title='bbox 917 1100 969 1138; x_wconf 87' lang='grc'><strong>36.</strong></span> <span class='ocrx_word' id='word_1_218' title='bbox 990 1099 1039 1142; x_wconf 88' lang='grc'>8).</span> 
     </span>
    </p>

    <p class='ocr_par' dir='ltr' id='par_1_4' title="bbox 268 1166 1613 1602">
     <span class='ocr_line' id='line_1_19' title="bbox 324 1166 1611 1221; baseline 0.003 -16"><span class='ocrx_word' id='word_1_219' title='bbox 324 1166 434 1216; x_wconf 88' lang='lat' dir='ltr'>Quid</span> <span class='ocrx_word' id='word_1_220' title='bbox 450 1166 481 1205; x_wconf 85' lang='lat' dir='ltr'><strong>si</strong></span> <span class='ocrx_word' id='word_1_221' title='bbox 499 1168 631 1205; x_wconf 92' lang='lat' dir='ltr'><strong>nullus</strong></span> <span class='ocrx_word' id='word_1_222' title='bbox 644 1167 744 1206; x_wconf 87' lang='lat' dir='ltr'><strong>alius</strong></span> <span class='ocrx_word' id='word_1_223' title='bbox 758 1168 886 1206; x_wconf 86' lang='lat' dir='ltr'>codex</span> <span class='ocrx_word' id='word_1_224' title='bbox 903 1166 1019 1207; x_wconf 88' lang='lat' dir='ltr'><strong>nobis</strong></span> <span class='ocrx_word' id='word_1_225' title='bbox 1039 1169 1240 1208; x_wconf 83' lang='lat' dir='ltr'><strong>exstaret?</strong></span> <span class='ocrx_word' id='word_1_226' title='bbox 1279 1168 1394 1208; x_wconf 86' lang='lat' dir='ltr'><strong>Talia</strong></span> <span class='ocrx_word' id='word_1_227' title='bbox 1409 1169 1554 1221; x_wconf 89' lang='lat' dir='ltr'><strong>legenti</strong></span> <span class='ocrx_word' id='word_1_228' title='bbox 1571 1170 1611 1209; x_wconf 86' lang='lat' dir='ltr'><strong>in</strong></span> 
     </span>
     <span class='ocr_line' id='line_1_20' title="bbox 270 1233 1613 1290; baseline 0.003 -19"><span class='ocrx_word' id='word_1_229' title='bbox 270 1240 445 1272; x_wconf 85' lang='lat' dir='ltr'><strong>mentem</strong></span> <span class='ocrx_word' id='word_1_230' title='bbox 465 1233 683 1284; x_wconf 86' lang='lat' dir='ltr'><strong>aliquando</strong></span> <span class='ocrx_word' id='word_1_231' title='bbox 704 1234 813 1273; x_wconf 90' lang='lat' dir='ltr'><strong>uenit</strong></span> <span class='ocrx_word' id='word_1_232' title='bbox 834 1233 984 1274; x_wconf 89' lang='lat' dir='ltr'><strong>codicis</strong></span> <span class='ocrx_word' id='word_1_233' title='bbox 1007 1234 1197 1275; x_wconf 88' lang='lat' dir='ltr'><strong>Puteanei</strong></span> <span class='ocrx_word' id='word_1_234' title='bbox 1219 1234 1320 1287; x_wconf 85' lang='lat' dir='ltr'><strong>(Liv.</strong></span> <span class='ocrx_word' id='word_1_235' title='bbox 1343 1234 1613 1290; x_wconf 87' lang='lat' dir='ltr'>XXI—XXX)</span> 
     </span>
     <span class='ocr_line' id='line_1_21' title="bbox 268 1298 1611 1354; baseline 0.004 -18"><span class='ocrx_word' id='word_1_236' title='bbox 268 1298 422 1338; x_wconf 79' lang='lat' dir='ltr'><strong>scribae</strong></span> <span class='ocrx_word' id='word_1_237' title='bbox 450 1298 518 1338; x_wconf 92' lang='lat' dir='ltr'><strong>ubi</strong></span> <span class='ocrx_word' id='word_1_238' title='bbox 548 1298 721 1351; x_wconf 88' lang='lat' dir='ltr'><strong>pessime</strong></span> <span class='ocrx_word' id='word_1_239' title='bbox 749 1306 876 1348; x_wconf 80' lang='lat' dir='ltr'><strong>errat3</strong></span> <span class='ocrx_word' id='word_1_240' title='bbox 895 1300 1124 1352; x_wconf 60' lang='lat' dir='ltr'><strong>‘aliquando</strong></span> <span class='ocrx_word' id='word_1_241' title='bbox 1153 1300 1418 1340; x_wconf 86' lang='lat' dir='ltr'><strong>Floriacensis</strong></span> <span class='ocrx_word' id='word_1_242' title='bbox 1447 1301 1499 1354; x_wconf 91' lang='lat' dir='ltr'><strong>(e.</strong></span> <span class='ocrx_word' id='word_1_243' title='bbox 1513 1316 1550 1353; x_wconf 86' lang='lat' dir='ltr'><strong>g.</strong></span> <span class='ocrx_word' id='word_1_244' title='bbox 1572 1303 1611 1341; x_wconf 90' lang='lat' dir='ltr'><strong>in</strong></span> 
     </span>
     <span class='ocr_line' id='line_1_22' title="bbox 269 1363 1612 1418; baseline 0.002 -15"><span class='ocrx_word' id='word_1_245' title='bbox 269 1363 363 1404; x_wconf 86' lang='lat' dir='ltr'><strong>libb.</strong></span> <span class='ocrx_word' id='word_1_246' title='bbox 398 1365 458 1404; x_wconf 95' lang='lat' dir='ltr'><strong>IX</strong></span> <span class='ocrx_word' id='word_1_247' title='bbox 487 1372 527 1404; x_wconf 89' lang='lat' dir='ltr'><strong>et</strong></span> <span class='ocrx_word' id='word_1_248' title='bbox 556 1364 611 1418; x_wconf 88' lang='lat' dir='ltr'><strong>X)</strong></span> <span class='ocrx_word' id='word_1_249' title='bbox 626 1379 637 1414; x_wconf 79' lang='lat'>3</span> <span class='ocrx_word' id='word_1_250' title='bbox 678 1378 827 1404; x_wconf 89' lang='lat' dir='ltr'><strong>errores</strong></span> <span class='ocrx_word' id='word_1_251' title='bbox 859 1372 952 1405; x_wconf 88' lang='lat' dir='ltr'><strong>sunt</strong></span> <span class='ocrx_word' id='word_1_252' title='bbox 985 1379 1175 1417; x_wconf 86' lang='lat' dir='ltr'><strong>generum</strong></span> <span class='ocrx_word' id='word_1_253' title='bbox 1210 1380 1346 1406; x_wconf 89' lang='lat' dir='ltr'><strong>eorum</strong></span> <span class='ocrx_word' id='word_1_254' title='bbox 1378 1380 1480 1417; x_wconf 84' lang='lat' dir='ltr'><strong>quae</strong></span> <span class='ocrx_word' id='word_1_255' title='bbox 1513 1366 1612 1407; x_wconf 84' lang='lat' dir='ltr'><strong>alios</strong></span> 
     </span>
     <span class='ocr_line' id='line_1_23' title="bbox 268 1429 1612 1483; baseline 0.002 -15"><span class='ocrx_word' id='word_1_256' title='bbox 268 1443 418 1469; x_wconf 87' lang='lat' dir='ltr'><strong>errores</strong></span> <span class='ocrx_word' id='word_1_257' title='bbox 432 1431 551 1470; x_wconf 82' lang='lat' dir='ltr'><strong>etiam</strong></span> <span class='ocrx_word' id='word_1_258' title='bbox 570 1429 664 1482; x_wconf 89' lang='lat' dir='ltr'><strong>ipsis</strong></span> <span class='ocrx_word' id='word_1_259' title='bbox 678 1430 831 1481; x_wconf 91' lang='lat' dir='ltr'><strong>peiores</strong></span> <span class='ocrx_word' id='word_1_260' title='bbox 844 1438 1035 1482; x_wconf 87' lang='lat' dir='ltr'><strong>generent</strong></span> <span class='ocrx_word' id='word_1_261' title='bbox 1051 1439 1090 1470; x_wconf 89' lang='lat' dir='ltr'><strong>et</strong></span> <span class='ocrx_word' id='word_1_262' title='bbox 1106 1431 1147 1470; x_wconf 90' lang='lat' dir='ltr'><strong>in</strong></span> <span class='ocrx_word' id='word_1_263' title='bbox 1161 1431 1307 1483; x_wconf 90' lang='lat' dir='ltr'><strong>quibus</strong></span> <span class='ocrx_word' id='word_1_264' title='bbox 1327 1435 1336 1453; x_wconf 92' lang='lat'>‘</span> <span class='ocrx_word' id='word_1_265' title='bbox 1349 1431 1612 1472; x_wconf 85' lang='lat' dir='ltr'><strong>emendandis</strong></span> 
     </span>
     <span class='ocr_line' id='line_1_24' title="bbox 269 1495 1610 1546; baseline 0.003 -12"><span class='ocrx_word' id='word_1_266' title='bbox 269 1497 553 1546; x_wconf 85' lang='lat' dir='ltr'><strong>praestantium</strong></span> <span class='ocrx_word' id='word_1_267' title='bbox 581 1495 778 1536; x_wconf 84' lang='lat' dir='ltr'><strong>uirorum’</strong></span> <span class='ocrx_word' id='word_1_268' title='bbox 804 1503 847 1535; x_wconf 92' lang='lat' dir='ltr'><strong>ut</strong></span> <span class='ocrx_word' id='word_1_269' title='bbox 871 1495 927 1536; x_wconf 87' lang='lat' dir='ltr'><strong>ait</strong></span> <span class='ocrx_word' id='word_1_270' title='bbox 954 1496 1157 1536; x_wconf 90' lang='lat' dir='ltr'><strong>Walchius</strong></span> <span class='ocrx_word' id='word_1_271' title='bbox 1188 1500 1379 1536; x_wconf 82' lang='lat' dir='ltr'><strong>‘acumen</strong></span> <span class='ocrx_word' id='word_1_272' title='bbox 1401 1497 1576 1538; x_wconf 77' lang='lat' dir='ltr'><strong>elaboret</strong></span> <span class='ocrx_word' id='word_1_273' title='bbox 1590 1498 1610 1546; x_wconf 91' lang='lat'><strong>&#39;,</strong></span> 
     </span>
     <span class='ocr_line' id='line_1_25' title="bbox 269 1562 771 1602; baseline 0.004 -2"><span class='ocrx_word' id='word_1_274' title='bbox 269 1575 319 1600; x_wconf 87' lang='lat' dir='ltr'><strong>ne</strong></span> <span class='ocrx_word' id='word_1_275' title='bbox 339 1563 472 1601; x_wconf 83' lang='lat' dir='ltr'><strong>dicam</strong></span> <span class='ocrx_word' id='word_1_276' title='bbox 491 1562 771 1602; x_wconf 87' lang='lat' dir='ltr'><strong>debacchetur.</strong></span> 
     </span>
    </p>

    <p class='ocr_par' dir='ltr' id='par_1_5' title="bbox 266 1629 1612 2400">
     <span class='ocr_line' id='line_1_26' title="bbox 321 1629 1611 1678; baseline 0.002 -11"><span class='ocrx_word' id='word_1_277' title='bbox 321 1629 423 1678; x_wconf 81' lang='lat'><strong>§40.</strong></span> <span class='ocrx_word' id='word_1_278' title='bbox 457 1630 639 1668; x_wconf 80' lang='lat' dir='ltr'><strong>Fortasse</strong></span> <span class='ocrx_word' id='word_1_279' title='bbox 665 1637 799 1669; x_wconf 87' lang='lat' dir='ltr'><strong>tamen</strong></span> <span class='ocrx_word' id='word_1_280' title='bbox 826 1629 944 1669; x_wconf 90' lang='lat' dir='ltr'><strong>nimis</strong></span> <span class='ocrx_word' id='word_1_281' title='bbox 973 1644 1110 1670; x_wconf 88' lang='lat' dir='ltr'><strong>seuere</strong></span> <span class='ocrx_word' id='word_1_282' title='bbox 1139 1631 1325 1670; x_wconf 88' lang='lat' dir='ltr'><strong>miserum</strong></span> <span class='ocrx_word' id='word_1_283' title='bbox 1357 1631 1467 1670; x_wconf 89' lang='lat' dir='ltr'><strong>illum</strong></span> <span class='ocrx_word' id='word_1_284' title='bbox 1496 1633 1611 1671; x_wconf 87' lang='lat' dir='ltr'><strong>‘Ter-</strong></span> 
     </span>
     <span class='ocr_line' id='line_1_27' title="bbox 267 1694 1612 1751; baseline 0.003 -18"><span class='ocrx_word' id='word_1_285' title='bbox 267 1694 388 1733; x_wconf 87' lang='lat' dir='ltr'><strong>tium&#39;</strong></span> <span class='ocrx_word' id='word_1_286' title='bbox 418 1694 608 1734; x_wconf 81' lang='lat' dir='ltr'><strong>tractaui:</strong></span> <span class='ocrx_word' id='word_1_287' title='bbox 637 1694 679 1734; x_wconf 92' lang='lat' dir='ltr'><strong>in</strong></span> <span class='ocrx_word' id='word_1_288' title='bbox 708 1697 825 1746; x_wconf 85' lang='lat' dir='ltr'><strong>culpa</strong></span> <span class='ocrx_word' id='word_1_289' title='bbox 852 1710 936 1751; x_wconf 84' lang='lat' dir='ltr'><strong>non</strong></span> <span class='ocrx_word' id='word_1_290' title='bbox 964 1703 1024 1736; x_wconf 89' lang='lat' dir='ltr'><strong>est</strong></span> <span class='ocrx_word' id='word_1_291' title='bbox 1058 1696 1090 1735; x_wconf 92' lang='lat' dir='ltr'><strong>is</strong></span> <span class='ocrx_word' id='word_1_292' title='bbox 1120 1698 1241 1745; x_wconf 85' lang='lat' dir='ltr'><strong>solus,</strong></span> <span class='ocrx_word' id='word_1_293' title='bbox 1271 1704 1314 1735; x_wconf 91' lang='lat' dir='ltr'><strong>ut</strong></span> <span class='ocrx_word' id='word_1_294' title='bbox 1343 1705 1442 1747; x_wconf 89' lang='lat' dir='ltr'><strong>puto</strong></span> <span class='ocrx_word' id='word_1_295' title='bbox 1458 1711 1468 1746; x_wconf 83' lang='lat'>3</span> <span class='ocrx_word' id='word_1_296' title='bbox 1508 1706 1612 1749; x_wconf 85' lang='lat' dir='ltr'><strong>post-</strong></span> 
     </span>
     <span class='ocr_line' id='line_1_28' title="bbox 268 1760 1612 1814; baseline 0.003 -16"><span class='ocrx_word' id='word_1_297' title='bbox 268 1773 387 1811; x_wconf 76' lang='lat' dir='ltr'><strong>quam</strong></span> <span class='ocrx_word' id='word_1_298' title='bbox 417 1760 525 1799; x_wconf 88' lang='lat' dir='ltr'><strong>enim</strong></span> <span class='ocrx_word' id='word_1_299' title='bbox 553 1761 606 1799; x_wconf 84' lang='lat' dir='ltr'><strong>ad</strong></span> <span class='ocrx_word' id='word_1_300' title='bbox 635 1774 736 1811; x_wconf 88' lang='lat' dir='ltr'><strong>opus</strong></span> <span class='ocrx_word' id='word_1_301' title='bbox 766 1760 882 1800; x_wconf 89' lang='lat' dir='ltr'><strong>rediit</strong></span> <span class='ocrx_word' id='word_1_302' title='bbox 911 1762 997 1801; x_wconf 91' lang='lat' dir='ltr'><strong>Leo</strong></span> <span class='ocrx_word' id='word_1_303' title='bbox 1025 1761 1258 1800; x_wconf 88' lang='lat' dir='ltr'><strong>Diaconus¹</strong></span> <span class='ocrx_word' id='word_1_304' title='bbox 1281 1760 1335 1813; x_wconf 88' lang='lat'><strong>(8.</strong></span> <span class='ocrx_word' id='word_1_305' title='bbox 1362 1775 1420 1810; x_wconf 90' lang='lat'><strong>14.</strong></span> <span class='ocrx_word' id='word_1_306' title='bbox 1449 1762 1486 1814; x_wconf 94' lang='lat'><strong>1)</strong></span> <span class='ocrx_word' id='word_1_307' title='bbox 1516 1776 1612 1802; x_wconf 91' lang='lat' dir='ltr'><strong>non-</strong></span> 
     </span>
     <span class='ocr_line' id='line_1_29' title="bbox 267 1824 1611 1878; baseline 0.002 -14"><span class='ocrx_word' id='word_1_308' title='bbox 267 1827 376 1865; x_wconf 83' lang='lat' dir='ltr'><strong>nulla</strong></span> <span class='ocrx_word' id='word_1_309' title='bbox 396 1824 534 1876; x_wconf 90' lang='lat' dir='ltr'><strong>prioris</strong></span> <span class='ocrx_word' id='word_1_310' title='bbox 562 1825 654 1864; x_wconf 88' lang='lat' dir='ltr'><strong>mali</strong></span> <span class='ocrx_word' id='word_1_311' title='bbox 682 1834 892 1877; x_wconf 88' lang='lat' dir='ltr'><strong>supersunt</strong></span> <span class='ocrx_word' id='word_1_312' title='bbox 917 1825 1094 1878; x_wconf 85' lang='lat' dir='ltr'><strong>uestigia,</strong></span> <span class='ocrx_word' id='word_1_313' title='bbox 1122 1834 1229 1866; x_wconf 87' lang='lat' dir='ltr'><strong>certe</strong></span> <span class='ocrx_word' id='word_1_314' title='bbox 1255 1840 1383 1877; x_wconf 88' lang='lat' dir='ltr'><strong>usque</strong></span> <span class='ocrx_word' id='word_1_315' title='bbox 1409 1828 1461 1867; x_wconf 86' lang='lat' dir='ltr'><strong>ad</strong></span> <span class='ocrx_word' id='word_1_316' title='bbox 1489 1829 1611 1868; x_wconf 88' lang='lat' dir='ltr'><strong>finem</strong></span> 
     </span>
     <span class='ocr_line' id='line_1_30' title="bbox 269 1890 1610 1942; baseline 0.002 -13"><span class='ocrx_word' id='word_1_317' title='bbox 269 1891 375 1929; x_wconf 90' lang='lat' dir='ltr'><strong>Libri</strong></span> <span class='ocrx_word' id='word_1_318' title='bbox 401 1892 509 1929; x_wconf 89' lang='lat' dir='ltr'>VIII</span> <span class='ocrx_word' id='word_1_319' title='bbox 525 1905 536 1940; x_wconf 82' lang='lat'>3</span> <span class='ocrx_word' id='word_1_320' title='bbox 570 1899 610 1930; x_wconf 90' lang='lat' dir='ltr'><strong>et</strong></span> <span class='ocrx_word' id='word_1_321' title='bbox 638 1898 777 1942; x_wconf 86' lang='lat' dir='ltr'><strong>postea</strong></span> <span class='ocrx_word' id='word_1_322' title='bbox 804 1890 845 1930; x_wconf 86' lang='lat' dir='ltr'><strong>in</strong></span> <span class='ocrx_word' id='word_1_323' title='bbox 875 1891 998 1931; x_wconf 91' lang='lat' dir='ltr'><strong>Libro</strong></span> <span class='ocrx_word' id='word_1_324' title='bbox 1028 1893 1089 1931; x_wconf 93' lang='lat' dir='ltr'><strong>IX</strong></span> <span class='ocrx_word' id='word_1_325' title='bbox 1118 1893 1228 1931; x_wconf 84' lang='lat' dir='ltr'><strong>haud</strong></span> <span class='ocrx_word' id='word_1_326' title='bbox 1258 1891 1390 1931; x_wconf 87' lang='lat' dir='ltr'><strong>minus</strong></span> <span class='ocrx_word' id='word_1_327' title='bbox 1420 1892 1610 1933; x_wconf 87' lang='lat' dir='ltr'><strong>undecim</strong></span> 
     </span>
     <span class='ocr_line' id='line_1_31' title="bbox 268 1956 1611 2007; baseline 0.002 -12"><span class='ocrx_word' id='word_1_328' title='bbox 268 1958 466 1996; x_wconf 85' lang='lat' dir='ltr'><strong>clausulae</strong></span> <span class='ocrx_word' id='word_1_329' title='bbox 490 1956 687 2007; x_wconf 85' lang='lat' dir='ltr'><strong>longiores</strong></span> <span class='ocrx_word' id='word_1_330' title='bbox 716 1965 807 1996; x_wconf 88' lang='lat' dir='ltr'><strong>sunt</strong></span> <span class='ocrx_word' id='word_1_331' title='bbox 832 1956 1014 2005; x_wconf 85' lang='lat' dir='ltr'><strong>omissae,</strong></span> <span class='ocrx_word' id='word_1_332' title='bbox 1043 1965 1087 1996; x_wconf 88' lang='lat' dir='ltr'><strong>ut</strong></span> <span class='ocrx_word' id='word_1_333' title='bbox 1112 1958 1221 1996; x_wconf 89' lang='lat' dir='ltr'><strong>haud</strong></span> <span class='ocrx_word' id='word_1_334' title='bbox 1247 1957 1371 1996; x_wconf 87' lang='lat' dir='ltr'><strong>sciam</strong></span> <span class='ocrx_word' id='word_1_335' title='bbox 1397 1971 1448 1997; x_wconf 85' lang='lat' dir='ltr'><strong>an</strong></span> <span class='ocrx_word' id='word_1_336' title='bbox 1478 1957 1519 1998; x_wconf 91' lang='lat' dir='ltr'><strong>in</strong></span> <span class='ocrx_word' id='word_1_337' title='bbox 1549 1958 1611 1998; x_wconf 90' lang='lat' dir='ltr'><strong>his</strong></span> 
     </span>
     <span class='ocr_line' id='line_1_32' title="bbox 266 2021 1609 2076; baseline 0.003 -16"><span class='ocrx_word' id='word_1_338' title='bbox 266 2021 373 2061; x_wconf 91' lang='lat' dir='ltr'><strong>libris</strong></span> <span class='ocrx_word' id='word_1_339' title='bbox 395 2023 500 2072; x_wconf 89' lang='lat' dir='ltr'><strong>prior</strong></span> <span class='ocrx_word' id='word_1_340' title='bbox 519 2021 649 2061; x_wconf 81' lang='lat' dir='ltr'><strong>scriba</strong></span> <span class='ocrx_word' id='word_1_341' title='bbox 669 2021 736 2073; x_wconf 90' lang='lat' dir='ltr'><strong>qui</strong></span> <span class='ocrx_word' id='word_1_342' title='bbox 757 2022 913 2062; x_wconf 83' lang='lat' dir='ltr'><strong>unciale</strong></span> <span class='ocrx_word' id='word_1_343' title='bbox 927 2024 1129 2074; x_wconf 84' lang='lat' dir='ltr'><strong>exemplar</strong></span> <span class='ocrx_word' id='word_1_344' title='bbox 1148 2022 1355 2074; x_wconf 90' lang='lat' dir='ltr'><strong>descripsit</strong></span> <span class='ocrx_word' id='word_1_345' title='bbox 1376 2025 1465 2075; x_wconf 89' lang='lat' dir='ltr'><strong>plus</strong></span> <span class='ocrx_word' id='word_1_346' title='bbox 1484 2038 1609 2076; x_wconf 90' lang='lat' dir='ltr'><strong>repre-</strong></span> 
     </span>
     <span class='ocr_line' id='line_1_33' title="bbox 267 2086 1608 2138; baseline 0.002 -12"><span class='ocrx_word' id='word_1_347' title='bbox 267 2088 504 2126; x_wconf 89' lang='lat' dir='ltr'><strong>hendendus</strong></span> <span class='ocrx_word' id='word_1_348' title='bbox 525 2086 574 2126; x_wconf 91' lang='lat' dir='ltr'><strong>sit</strong></span> <span class='ocrx_word' id='word_1_349' title='bbox 595 2101 716 2138; x_wconf 89' lang='lat' dir='ltr'><strong>quam</strong></span> <span class='ocrx_word' id='word_1_350' title='bbox 737 2087 860 2127; x_wconf 87' lang='lat' dir='ltr'><strong>nostri</strong></span> <span class='ocrx_word' id='word_1_351' title='bbox 881 2089 964 2127; x_wconf 93' lang='lat' dir='ltr'><strong>Leo</strong></span> <span class='ocrx_word' id='word_1_352' title='bbox 985 2095 1023 2127; x_wconf 87' lang='lat' dir='ltr'><strong>et</strong></span> <span class='ocrx_word' id='word_1_353' title='bbox 1045 2090 1054 2108; x_wconf 93' lang='lat'>‘</span> <span class='ocrx_word' id='word_1_354' title='bbox 1068 2087 1228 2135; x_wconf 83' lang='lat' dir='ltr'><strong>Tertius</strong></span> <span class='ocrx_word' id='word_1_355' title='bbox 1245 2089 1265 2127; x_wconf 88' lang='lat'><strong>⁷.</strong></span> <span class='ocrx_word' id='word_1_356' title='bbox 1325 2090 1444 2129; x_wconf 89' lang='lat' dir='ltr'><strong>Certe</strong></span> <span class='ocrx_word' id='word_1_357' title='bbox 1470 2103 1608 2129; x_wconf 91' lang='lat' dir='ltr'><strong>eorum</strong></span> 
     </span>
     <span class='ocr_line' id='line_1_34' title="bbox 267 2151 1607 2204; baseline 0.002 -13"><span class='ocrx_word' id='word_1_358' title='bbox 267 2153 466 2203; x_wconf 88' lang='lat' dir='ltr'><strong>exemplar</strong></span> <span class='ocrx_word' id='word_1_359' title='bbox 492 2154 646 2204; x_wconf 84' lang='lat' dir='ltr'><strong>partim,</strong></span> <span class='ocrx_word' id='word_1_360' title='bbox 677 2160 720 2191; x_wconf 87' lang='lat' dir='ltr'><strong>ut</strong></span> <span class='ocrx_word' id='word_1_361' title='bbox 749 2160 789 2192; x_wconf 91' lang='lat' dir='ltr'><strong>et</strong></span> <span class='ocrx_word' id='word_1_362' title='bbox 820 2151 1038 2201; x_wconf 86' lang='lat' dir='ltr'><strong>Harleiani,</strong></span> <span class='ocrx_word' id='word_1_363' title='bbox 1067 2154 1111 2192; x_wconf 85' lang='lat' dir='ltr'><strong>fit</strong></span> <span class='ocrx_word' id='word_1_364' title='bbox 1139 2154 1324 2202; x_wconf 89' lang='lat' dir='ltr'><strong>deterius,</strong></span> <span class='ocrx_word' id='word_1_365' title='bbox 1354 2155 1496 2204; x_wconf 83' lang='lat' dir='ltr'><strong>partim</strong></span> <span class='ocrx_word' id='word_1_366' title='bbox 1527 2163 1607 2194; x_wconf 88' lang='lat' dir='ltr'><strong>tam</strong></span> 
     </span>
     <span class='ocr_line' id='line_1_35' title="bbox 268 2217 1607 2270; baseline 0.003 -14"><span class='ocrx_word' id='word_1_367' title='bbox 268 2219 370 2257; x_wconf 84' lang='lat' dir='ltr'><strong>male</strong></span> <span class='ocrx_word' id='word_1_368' title='bbox 398 2217 588 2268; x_wconf 87' lang='lat' dir='ltr'><strong>scriptum</strong></span> <span class='ocrx_word' id='word_1_369' title='bbox 614 2226 696 2258; x_wconf 88' lang='lat' dir='ltr'><strong>erat</strong></span> <span class='ocrx_word' id='word_1_370' title='bbox 725 2226 769 2257; x_wconf 92' lang='lat' dir='ltr'><strong>ut</strong></span> <span class='ocrx_word' id='word_1_371' title='bbox 795 2232 1086 2269; x_wconf 85' lang='lat' dir='ltr'><strong>nonnunquam</strong></span> <span class='ocrx_word' id='word_1_372' title='bbox 1113 2220 1179 2257; x_wconf 87' lang='lat' dir='ltr'><strong>uix</strong></span> <span class='ocrx_word' id='word_1_373' title='bbox 1205 2219 1281 2270; x_wconf 89' lang='lat' dir='ltr'><strong>legi</strong></span> <span class='ocrx_word' id='word_1_374' title='bbox 1308 2227 1471 2270; x_wconf 79' lang='lat' dir='ltr'><strong>posset3</strong></span> <span class='ocrx_word' id='word_1_375' title='bbox 1501 2229 1607 2261; x_wconf 88' lang='lat' dir='ltr'><strong>certe</strong></span> 
     </span>
     <span class='ocr_line' id='line_1_36' title="bbox 267 2283 1606 2335; baseline 0.003 -13"><span class='ocrx_word' id='word_1_376' title='bbox 267 2297 384 2334; x_wconf 81' lang='lat' dir='ltr'><strong>saepe</strong></span> <span class='ocrx_word' id='word_1_377' title='bbox 404 2284 575 2322; x_wconf 88' lang='lat' dir='ltr'><strong>multum</strong></span> <span class='ocrx_word' id='word_1_378' title='bbox 595 2284 748 2323; x_wconf 86' lang='lat' dir='ltr'><strong>laborat</strong></span> <span class='ocrx_word' id='word_1_379' title='bbox 768 2285 864 2332; x_wconf 88' lang='lat' dir='ltr'><strong>Leo,</strong></span> <span class='ocrx_word' id='word_1_380' title='bbox 881 2285 945 2322; x_wconf 87' lang='lat' dir='ltr'><strong>uix</strong></span> <span class='ocrx_word' id='word_1_381' title='bbox 960 2297 1118 2323; x_wconf 90' lang='lat' dir='ltr'><strong>cursum</strong></span> <span class='ocrx_word' id='word_1_382' title='bbox 1138 2283 1236 2335; x_wconf 85' lang='lat' dir='ltr'><strong>regit</strong></span> <span class='ocrx_word' id='word_1_383' title='bbox 1251 2299 1261 2333; x_wconf 80' lang='lat'><em>3</em></span> <span class='ocrx_word' id='word_1_384' title='bbox 1289 2298 1364 2323; x_wconf 88' lang='lat' dir='ltr'><strong>nec</strong></span> <span class='ocrx_word' id='word_1_385' title='bbox 1381 2286 1606 2326; x_wconf 86' lang='lat' dir='ltr'><strong>mirandum</strong></span> 
     </span>
     <span class='ocr_line' id='line_1_37' title="bbox 267 2348 1606 2400; baseline 0.004 -12"><span class='ocrx_word' id='word_1_386' title='bbox 267 2349 575 2388; x_wconf 82' lang='lat' dir='ltr'><strong>est—incertum</strong></span> <span class='ocrx_word' id='word_1_387' title='bbox 608 2356 739 2388; x_wconf 90' lang='lat' dir='ltr'><strong>utrum</strong></span> <span class='ocrx_word' id='word_1_388' title='bbox 766 2348 820 2388; x_wconf 90' lang='lat' dir='ltr'><strong>ob</strong></span> <span class='ocrx_word' id='word_1_389' title='bbox 850 2348 1144 2388; x_wconf 87' lang='lat' dir='ltr'><strong>multitudinem</strong></span> <span class='ocrx_word' id='word_1_390' title='bbox 1176 2351 1451 2400; x_wconf 82' lang='lat' dir='ltr'><strong>marginalium</strong></span> <span class='ocrx_word' id='word_1_391' title='bbox 1475 2366 1527 2391; x_wconf 91' lang='lat' dir='ltr'><strong>an</strong></span> <span class='ocrx_word' id='word_1_392' title='bbox 1552 2353 1606 2393; x_wconf 93' lang='lat' dir='ltr'><strong>ob</strong></span> 
     </span>
    </p>
   </div>
   <div class='ocr_carea' id='block_1_3' title="bbox 396 2415 1453 2511">
    <p class='ocr_par' dir='ltr' id='par_1_6' title="bbox 396 2415 1453 2511">
     <span class='ocr_line' id='line_1_38' title="bbox 396 2415 1453 2465; baseline 0.007 -17"><span class='ocrx_word' id='word_1_393' title='bbox 396 2418 405 2438; x_wconf 80' lang='lat'>¹</span> <span class='ocrx_word' id='word_1_394' title='bbox 431 2418 474 2449; x_wconf 89' lang='lat' dir='ltr'><strong>Vt</strong></span> <span class='ocrx_word' id='word_1_395' title='bbox 492 2419 627 2459; x_wconf 88' lang='lat' dir='ltr'><strong>quidem</strong></span> <span class='ocrx_word' id='word_1_396' title='bbox 646 2420 688 2450; x_wconf 90' lang='lat' dir='ltr'><strong>dc</strong></span> <span class='ocrx_word' id='word_1_397' title='bbox 707 2419 895 2459; x_wconf 86' lang='lat' dir='ltr'><strong>scripturae</strong></span> <span class='ocrx_word' id='word_1_398' title='bbox 912 2429 1039 2459; x_wconf 85' lang='lat' dir='ltr'><strong>genere</strong></span> <span class='ocrx_word' id='word_1_399' title='bbox 1057 2430 1120 2451; x_wconf 83' lang='lat' dir='ltr'><strong>nos</strong></span> <span class='ocrx_word' id='word_1_400' title='bbox 1139 2420 1336 2461; x_wconf 89' lang='lat' dir='ltr'><strong>collegimus</strong></span> <span class='ocrx_word' id='word_1_401' title='bbox 1352 2415 1386 2463; x_wconf 64' lang='grc' dir='ltr'><strong>(ᾗ</strong></span> <span class='ocrx_word' id='word_1_402' title='bbox 1404 2424 1453 2465; x_wconf 79' lang='grc'>9).</span> 
     </span>
     <span class='ocr_line' id='line_1_39' title="bbox 921 2487 942 2511; baseline 0 -1"><span class='ocrx_word' id='word_1_403' title='bbox 921 2487 942 2511; x_wconf 77' lang='grc' dir='ltr'>Χ</span> 
     </span>
    </p>
   </div>
  </div>
 </body>
</html>
