1722 2748
0 0 65 140 s
463 147 536 184 AB
566 147 717 184 VRBE
749 144 1010 184 CONDITA
1278 148 1337 185 IX
1359 158 1409 194 23
1434 162 1445 183 1

67 256 199 308 liaque
234 257 442 297 traductae
483 256 670 307 legiones.
747 257 845 296 Sora
881 256 934 295 ad
973 255 1170 296 Samnites
1211 257 1410 297 defecerat
1431 276 1447 298 2

0 313 2 326 ÷
66 322 282 363 interfectis
304 322 457 362 colonis
479 323 769 362 Rornanorum.
828 322 923 372 Quo
943 335 1036 361 cum
1065 324 1171 373 prior
1200 324 1409 363 Romanus

2 410 13 423 ε
65 388 258 428 exercitus
286 390 339 429 ad
367 388 639 428 ulciscendam
674 387 824 427 ciuium
855 401 996 428 necem
1028 388 1409 441 reciperandamque

14 447 18 449 ⁴
65 454 268 494 coloniam
285 454 440 505 magnis
461 452 667 493 itineribus
687 454 957 504 praeuenisset
986 452 1061 507 (et)
1086 454 1210 506 sparsi
1235 469 1306 506 per
1325 454 1409 495 uias
1430 469 1448 501 3

10 574 13 575 ⁷
65 521 332 571 speculatores
353 519 466 571 sequi
481 520 656 570 legiones
677 518 916 559 Samnitium
930 533 1005 559 nec
1020 519 1098 559 iam
1115 523 1254 571 procul
1268 521 1408 561 abesse

64 586 130 627 alii
163 599 283 637 super
313 585 413 625 alios
445 584 683 632 nuntiarent,
722 584 884 624 obuiam
920 585 1020 625 itum
1054 586 1159 626 hosti
1197 594 1318 638 atque
1356 588 1408 627 ad
1428 599 1449 631 4

66 654 254 691 Lautulas
275 651 439 703 ancipiti
460 650 611 702 proelio
635 650 870 690 dimicatum
895 659 966 691 est.
1026 654 1121 692 Non
1149 654 1303 702 caedes,
1326 667 1408 692 non

65 719 156 770 fuga
174 717 334 758 alterius
354 716 476 769 partis
496 717 566 756 sed
587 730 666 756 nox
697 718 869 757 incertos
899 719 994 757 uicti
1025 718 1250 759 uictoresne
1277 726 1409 759 essent

8 796 22 834 ,ζ
64 783 232 826 diremit.
292 782 464 823 lnuenio
501 784 609 834 apud
641 784 839 834 quosdam
870 785 1080 823 aduersam
1110 798 1198 826 eam
1233 793 1408 837 pugnam
1430 805 1447 836 5

6 839 34 905 Ξ
66 849 259 907 Romanis
278 849 401 889 fuisse
419 857 540 900 atque
561 851 602 888 in
622 863 668 889 ea
695 849 888 889 cecidisse
910 851 961 900 Q.
984 850 1147 890 Aulium
1177 852 1408 902 magistrum

10 907 28 956 ἓ
63 916 254 968 equitum.
324 917 525 955 Suffectus
561 916 603 954 in
642 917 776 955 locum
816 916 910 955 Auli
950 917 994 957 C.
1037 916 1185 956 Fabius
1224 917 1410 970 magister
1429 930 1449 963 6

0 993 2 1032 1
24 972 27 974 ¹
64 981 245 1034 equitum
263 995 358 1021 cum
378 982 551 1021 exercitu
574 994 682 1021 nouo
711 981 762 1021 ab
794 983 927 1021 Roma
955 983 1121 1022 aduenit
1147 990 1187 1022 et
1207 997 1277 1035 per
1302 997 1410 1036 prae-

0 1036 2 1068 5
63 1048 205 1089 missos
242 1047 406 1087 nuntios
445 1048 631 1087 consulto
669 1047 864 1087 dictatore
895 1047 965 1087 ubi
1005 1048 1236 1089 subsisteret
1275 1063 1409 1101 quoue

64 1121 242 1165 ternpore
280 1121 320 1153 et
359 1126 439 1165 qua
476 1127 525 1153 ex
562 1120 673 1165 parte
705 1114 863 1153 hostem
903 1115 1196 1165 adgrederetur,
1234 1114 1409 1155 substitit

23 1230 25 1232 q
63 1181 243 1220 occultus
262 1180 317 1220 ad
335 1178 471 1220 omnia
490 1178 584 1218 satis
606 1178 816 1230 exploratis
837 1179 1026 1218 consiliis.

119 1245 301 1285 Dictator
325 1258 419 1284 cum
444 1258 513 1296 per
535 1244 688 1296 aliquot
709 1244 795 1284 dies
820 1252 910 1296 post
940 1258 1116 1297 pugnam
1146 1245 1409 1287 continuisset
1431 1262 1448 1297 2.-

8 1335 9 1338 =
63 1323 155 1350 suos
187 1311 289 1349 intra
320 1311 470 1349 uallum
505 1309 658 1349 obsessi
697 1309 821 1361 magis
860 1323 982 1361 quam
1021 1310 1245 1351 obsidentis
1275 1313 1408 1360 modo,

10 1429 11 1433 Ἰ
62 1376 218 1428 signum
239 1383 404 1428 repente
423 1389 583 1427 pugnae
603 1375 811 1427 proposuit
839 1383 878 1415 et
903 1376 1103 1417 efficacius
1134 1385 1240 1417 ratus
1269 1379 1321 1418 ad
1349 1392 1411 1417 ac·
1430 1388 1449 1419 8

10 1467 13 1471 «
62 1444 294 1483 cendendos
327 1442 503 1481 uirorum
533 1441 694 1480 fortium
725 1441 882 1481 animos
913 1443 1064 1481 nullam
1094 1442 1189 1482 alibi
1218 1455 1338 1495 quam
1369 1443 1409 1482 in
1497 1434 1507 1440 ’

27 1511 33 1513 ”
63 1516 188 1549 semet
218 1508 308 1559 ipso
340 1507 529 1559 cuiquam
563 1507 741 1547 relictam
777 1520 889 1558 spem
925 1509 976 1548 de
1011 1508 1198 1560 magistro
1229 1509 1411 1561 equitum

63 1587 252 1626 nouoque
272 1573 447 1613 exercitu
466 1573 633 1613 militem
655 1572 801 1613 celauit
823 1581 874 1623 et,
897 1581 1102 1625 tamquam
1131 1577 1240 1615 nulla
1265 1575 1340 1615 nisi
1369 1575 1410 1615 in
1429 1591 1450 1623 9

63 1640 270 1692 eruptione
291 1653 381 1692 spes
401 1647 516 1688 esset,
542 1642 551 1660 ‘
566 1639 687 1679 locis'
710 1640 838 1691 inquit
861 1642 870 1660 ‘
884 1640 1074 1691 angustis,
1098 1641 1254 1690 milites,
1275 1643 1413 1693 depre-

63 1705 272 1755 hensi,nisi
280 1719 407 1758 quam
420 1705 587 1745 uictoria
599 1705 903 1763 patefecerimus
917 1705 1025 1745 uiam
1039 1708 1189 1746 nullam
1203 1708 1412 1748 habemus.

65 1772 215 1813 Statiua
234 1779 369 1812 nostra
389 1772 641 1811 munimento
665 1771 759 1811 satis
781 1779 867 1811 tuta
890 1779 982 1811 sunt
1012 1773 1084 1812 sed
1114 1772 1250 1824 inopia
1270 1774 1411 1814 eadem
1434 1786 1475 1810 10

64 1837 205 1878 infesta
218 1853 228 1888 3
258 1852 350 1877 nam
372 1845 413 1878 et
431 1837 536 1878 circa
555 1837 691 1878 omnia
713 1839 946 1878 defecerunt
975 1840 1084 1879 unde
1113 1839 1285 1879 subuehi
1306 1853 1412 1880 com-

22 1958 23 1961 *
65 1898 218 1946 meatus
250 1912 435 1957 poterant
463 1911 514 1954 et,
536 1903 568 1943 si
596 1904 782 1944 homines
819 1906 955 1945 iuuare
992 1905 1128 1954 uelint,
1153 1905 1291 1957 iniqua
1325 1907 1413 1945 loca

65 1979 166 2011 sunt.
212 1972 355 2023 Itaque
375 1984 458 2010 non
478 1971 695 2011 frustrabor
710 1985 784 2023 ego
805 1985 878 2011 uos
899 1979 1026 2011 castra
1047 1971 1112 2011 hic
1133 1973 1409 2023 relinquendo,
1435 1990 1468 2012 11

107 2089 128 2110 2
155 2077 393 2119 praeuenisset
416 2076 762 2120 MPFUpOTDLA:
792 2079 1010 2118 peruenisset
1036 2077 1084 2108 Α3
1113 2077 1187 2110 dett.
1215 2078 1292 2119 aliq.
1320 2078 1411 2119 (cum

26 2133 28 2139 ‘
65 2120 383 2163 Drakenborchiocs.
406 2133 456 2155 10.
474 2133 525 2163 41.
542 2133 583 2163 9;
606 2133 657 2154 21.
678 2132 731 2154 20.
750 2124 882 2163 8et32.
902 2133 940 2163 73
968 2133 1020 2162 40.
1041 2132 1070 2161 4.
1095 2133 1133 2162 13
1157 2126 1188 2153 et
1208 2133 1261 2162 23.
1280 2123 1315 2163 6)

65 2172 143 2208 3et
166 2167 274 2207 sparsi
299 2166 347 2199 ed.
373 2166 469 2198 Frob.
501 2176 583 2217 1535
608 2167 694 2208 (sine
710 2166 937 2209 adnotatione)
961 2166 1123 2208 probante
1150 2166 1278 2199 Draka
1303 2166 1412 2206 sparsi

66 2209 414 2252 MPFUpOTDLA:
439 2211 581 2251 sparsiq.
600 2211 676 2244 dett.
703 2221 802 2252 unus,
818 2211 906 2254 fort.
931 2215 1008 2243 recte
1168 2221 1233 2251 3—4
1258 2221 1321 2242 nec
1347 2211 1411 2241 iam

122 2255 230 2288 ,itum
255 2266 324 2288 om.
352 2254 499 2294 ODLA,
522 2254 598 2287 add.
622 2254 674 2286 Α2
816 2266 836 2295 4
860 2255 992 2287 obuiam
1019 2257 1103 2287 itum
1133 2254 1412 2297 M²PFUpTA²:

67 2298 194 2331 obitum
218 2297 259 2330 M
437 2299 596 2331 Lautulas
629 2298 905 2340 PFUpOT2A³.
937 2299 1086 2332 lausulas
1118 2298 1232 2331 TDL:
1266 2298 1412 2330 laurulas

68 2340 163 2375 MA?
333 2353 351 2383 7
377 2353 440 2384 per
465 2342 757 2374 MPFOTDLA:
781 2354 848 2375 om.
876 2342 927 2385 Up
1098 2354 1119 2383 9
1146 2343 1409 2384 patefecerimus

50 2385 329 2428 ,MPUpOTDA
347 2398 355 2418 ε
379 2386 566 2427 patefeceri
589 2386 642 2418 F:
667 2387 886 2427 pateferimus
912 2386 939 2417 L
1117 2397 1157 2418 10
1181 2387 1338 2420 homines
1361 2387 1408 2420 ed.

63 2428 160 2463 frob.
183 2441 263 2471 1531
280 2441 288 2462 :
313 2441 432 2463 omnes
449 2429 774 2472 MPFUpOTDLA

44 2575 74 2744 :wwm'k
46 2499 68 2569 'ai-“25
43 2463 58 2479 ³:
