1722 2748
528 128 599 165 AB
633 126 783 164 VRBE
814 125 1075 164 CONDITA
1294 122 1402 161 VIII
1426 132 1472 160 10
1498 138 1507 159 1

188 240 435 277 Procedente
454 237 601 276 deinde
621 234 836 275 certamine
855 248 947 274 cum
963 234 1048 273 aliis
1065 234 1241 285 partibus
1259 233 1472 272 multitudo
1493 242 1539 270 10

134 310 333 354 superaret
355 303 599 349 Latinorum,
619 300 795 341 Manlius
815 301 955 340 consul
971 299 1108 339 audito
1124 307 1270 339 euentu
1286 300 1471 349 collegae,

133 382 236 417 cum,
259 377 302 408 ut
323 368 383 407 ius
404 369 544 418 fasque
565 374 657 414 erat,
680 365 851 405 lacrimis
875 379 957 405 non
985 364 1116 403 minus
1143 377 1262 415 quam
1290 363 1474 403 laudibus

133 434 277 475 debitis
297 441 530 486 prosecutus
545 441 625 472 tam
645 432 943 472 memorabilem
961 438 1128 471 mortem
1147 438 1259 479 esset,
1278 430 1475 482 paulisper
1497 443 1511 465 2

132 499 384 540 addubitauit
400 513 451 539 an
467 498 732 550 consurgendi
749 498 827 537 iam
844 497 982 537 triariis
999 505 1155 547 tempus
1171 504 1273 535 esset
1288 511 1298 545 3
1327 496 1474 535 deinde

134 564 274 604 melius
307 573 412 603 ratus
446 564 618 614 integros
653 577 720 603 eos
754 565 806 603 ad
841 565 1024 602 ultimum
1063 563 1275 602 discrimen
1315 560 1471 608 seruari,

132 643 321 670 accensos
359 630 410 669 ab
448 629 665 669 nouissima
701 628 786 668 acie
823 635 916 668 ante
954 627 1065 679 signa
1103 628 1318 678 procedere
1351 626 1471 666 iubet.

134 695 215 746 Qui
236 694 303 734 ubi
323 694 490 742 subiere,
513 696 712 746 extemplo
735 693 875 742 Latini,
899 701 1100 744 tamquam
1131 693 1236 732 idem
1260 692 1473 732 aduersarii
1497 703 1512 733 3

136 760 332 807 fecissent,
356 759 507 799 triarios
534 773 627 798 suos
654 761 950 807 excitauerunt;
978 758 1046 809 qui
1073 757 1318 809 aliquamdiu
1342 771 1475 809 pugna

133 825 257 866 atroci
278 839 369 865 cum
390 834 429 865 et
450 833 575 865 semet
595 825 668 877 ipsi
691 827 917 876 fatigassent
944 832 983 864 et
1006 826 1139 864 hastas
1162 831 1230 863 aut
1251 823 1475 875 praefregis-

138 899 225 931 sent
248 899 316 930 aut
344 891 609 939 hebetassent,
638 892 830 942 pellerent
850 889 917 943 [υἱ]
941 898 1074 929 tamen
1101 891 1269 937 hostem,
1303 890 1475 929 debella-

135 965 218 996 tum
239 956 317 996 iam
339 956 409 996 rati
431 965 746 1008 peruentumque
766 958 817 996 ad
839 964 1051 996 extremam
1073 955 1211 1004 aciem,
1230 963 1314 994 tum
1335 957 1474 994 consul

135 1021 274 1062 triariis
309 1022 554 1073 ‘consurgite
586 1024 716 1061 nunc'
751 1022 888 1073 inquit,
927 1021 1088 1072 ‘integri
1117 1023 1308 1060 aduersus
1337 1022 1473 1070 fessoS‚
1494 1041 1514 1070 4

137 1100 332 1127 memores
362 1087 509 1139 patriae
539 1095 828 1139 parentumque
858 1095 896 1126 et
925 1086 1141 1137 coniugum
1170 1099 1216 1125 ac
1246 1086 1472 1134 liberorum,

138 1165 332 1192 memores
367 1153 540 1192 consulis
574 1166 646 1204 pro
680 1160 810 1192 uestra
843 1152 1008 1191 uictoria
1041 1158 1167 1191 morte
1205 1151 1472 1192 occubantis’.

135 1218 213 1257 Vbi
241 1218 355 1257 triarii
384 1226 711 1258 consurrexerunt
740 1217 880 1269 integri
908 1217 1190 1268 refulgentibus
1217 1217 1347 1265 armis,
1371 1231 1475 1257 noua
1496 1228 1513 1260 5

135 1297 182 1323 ex
210 1283 428 1334 improuiso
457 1291 591 1322 exorta
619 1283 734 1332 acies,
766 1284 933 1334 receptis
968 1283 1008 1321 in
1046 1282 1252 1321 interualla
1290 1283 1475 1322 ordinum

136 1349 383 1401 antepilanis,
407 1351 579 1388 clamore
601 1349 758 1388 sublato
779 1348 972 1400 principia
994 1347 1223 1388 Latinorum
1246 1349 1475 1399 perturbant
1496 1357 1515 1389 6

137 1415 337 1466 hastisque
359 1428 425 1454 ora
446 1414 641 1454 fodientes
660 1414 788 1466 primo
808 1414 950 1454 robore
971 1415 1143 1453 uirorum
1161 1427 1278 1453 caeso
1295 1428 1364 1465 per
1378 1416 1476 1454 alios

138 1480 360 1532 manipulos
399 1482 507 1520 uelut
548 1482 716 1520 inermes
754 1493 878 1532 prope
916 1479 1053 1519 intacti
1091 1493 1251 1519 euasere
1288 1488 1477 1532 tantaque

137 1547 260 1586 caede
280 1559 490 1597 perrupere
509 1559 659 1585 cuneos
690 1554 733 1585 ut
753 1545 818 1585 uix
839 1554 1017 1596 quartam
1038 1553 1190 1597 partem
1211 1547 1477 1596 relinquerent

139 1613 324 1651 hostium.
383 1611 578 1651 Samnites
617 1625 779 1663 quoque
817 1612 892 1651 sub
930 1610 1128 1650 radicibus
1161 1611 1306 1650 montis
1341 1612 1477 1663 procul
1499 1616 1515 1649 7

139 1678 316 1716 instructi
338 1677 552 1727 praebuere
572 1684 759 1717 terrorem
781 1676 943 1716 Latinis.

195 1743 381 1782 Ceterum
405 1742 504 1782 inter
525 1756 664 1782 omnes
685 1743 793 1782 ciues
816 1742 1026 1793 sociosque
1049 1743 1260 1793 praecipua
1282 1743 1366 1782 laus
1393 1744 1478 1782 eius

141 1807 233 1847 belli
254 1821 376 1859 penes
397 1809 579 1848 consules
601 1808 686 1856 fuit,
707 1822 876 1860 quorum
900 1810 997 1847 alter
1019 1821 1158 1847 omnes
1179 1807 1305 1847 minas
1331 1809 1478 1859 pericu-

141 1874 258 1924 laque
277 1874 328 1912 ab
349 1873 434 1912 deis
455 1863 604 1924 superis
629 1874 841 1925 inferisque
870 1874 910 1913 in
941 1886 982 1914 se
1007 1887 1131 1913 unum
1159 1874 1290 1922 uertit,
1307 1875 1405 1913 alter
1433 1887 1478 1913 ea
1499 1886 1517 1916 8

142 1939 286 1979 uirtute
326 1952 455 1990 eoque
484 1940 650 1979 consilio
681 1942 720 1980 in
751 1940 900 1992 proelio
933 1939 1003 1979 suit
1035 1948 1077 1979 ut
1107 1941 1220 1979 facile
1249 1940 1479 1980 conuenerit

186 2050 230 2074 10
253 2053 273 2073 2
296 2053 460 2075 accensos
483 2044 526 2075 ab
550 2043 669 2075 ΜΡΙΓ.ρ
685 2043 905 2083 UpOTDLA
924 2057 931 2076 :
958 2044 1192 2076 accensesolio
1217 2044 1276 2075 H:
1298 2045 1482 2076 accersitos

143 2086 184 2118 ab
201 2085 246 2117 F³
394 2097 414 2127 3
437 2087 470 2119 ui
496 2086 633 2118 PFOH
638 2086 765 2118 TDLA
794 2088 867 2123 (sed
888 2089 919 2119 ui
947 2089 1031 2119 inter
1049 2092 1173 2128 puncta
1199 2088 1325 2129 scripsit
1347 2088 1393 2125 H,
1410 2091 1485 2128 post

141 2133 304 2172 punctum
329 2129 447 2170 P²T):
479 2141 521 2162 ue
557 2130 678 2171 UpA⁴2
713 2136 747 2162 ut
771 2131 831 2163 M:
864 2141 928 2171 que
960 2131 1099 2163 Madau:
1134 2132 1251 2162 seclusi
1278 2142 1318 2162 ex
1340 2131 1483 2163 codicum

145 2174 291 2214 uesttjgiss
308 2174 360 2205 ubz
380 2174 410 2205 ui
429 2174 482 2205 uel
493 2179 528 2206 ut
544 2185 584 2205 ex
600 2180 636 2206 nt
655 2176 742 2206 uocis
760 2175 926 2215 pellerent
940 2179 1052 2206 ortum
1066 2175 1197 2206 m'detur
1208 2187 1218 2206 .·
1238 2180 1340 2216 perse
1351 2175 1483 2216 quidem

141 2221 247 2258 potest
262 2218 294 2248 ui
307 2222 370 2258 pro
387 2218 605 2250 multitudine
623 2219 676 2250 uel
689 2219 857 2258 grauitate
876 2219 1022 2259 impetus
1039 2219 1197 2259 scriptum
1212 2229 1286 2257 esse,
1302 2219 1360 2251 sed
1370 2226 1483 2250 tamen

146 2261 240 2292 tertio
262 2261 330 2292 Ioco
357 2266 437 2293 recte
458 2261 623 2303 improbat
646 2261 793 2304 Madvig.
952 2268 1064 2294 tamen
1093 2262 1197 2293 MPF
1198 2262 1327 2304 UpOH
1334 2261 1460 2294 TDLA
1478 2274 1484 2293 :

147 2305 283 2335 tandem
301 2304 415 2336 Madv.
577 2317 596 2343 4
621 2306 746 2337 triariis
770 2304 1087 2347 MF‘2UpOHTDA
1106 2317 1114 2337 ι
1140 2306 1245 2337 triarii
1266 2306 1355 2337 PFL

147 2349 168 2378 6
196 2348 431 2388 relinquerent
455 2348 842 2390 MPFUpOHTDLA:
868 2350 1063 2390 reliquerint
1089 2349 1161 2381 dett.
1190 2349 1256 2381 duo
1282 2351 1391 2391 (Voss.
1415 2361 1435 2381 2
1459 2354 1487 2382 ft

151 2391 228 2423 Lov.
245 2393 280 2431 3)
298 2403 306 2431 ;
330 2392 368 2431 cs.
386 2393 599 2430 conuenerit,
619 2396 636 2432 ξ
651 2394 672 2425 8
688 2393 777 2434 insra
