1722 2748
211 134 271 171 VI
298 143 351 181 42
376 149 414 181 14
544 134 664 172 TITI
698 134 815 172 LIVI
848 134 920 171 AB
951 133 1104 170 VRBE
1136 133 1398 172 CONDITA

299 244 476 297 patribus
496 244 666 285 dictator
685 246 878 297 populum
904 252 1067 296 rogaret,
1091 253 1220 296 patres
1246 253 1427 286 auctores
1453 244 1640 286 omnibus
1663 289 1665 292 ,

298 313 384 352 eius
403 311 498 351 anni
519 311 690 351 comitiis
712 313 864 351 fierent.

346 427 384 458 14
410 416 570 458 populum
587 415 1003 458 MPFUpBOI-ITDLA,
1023 417 1133 450 sedin
1149 418 1327 451 Femsum
1344 419 1385 451 ab
1400 417 1448 451 F³

342 460 625 502 Subscriptiones:
649 461 701 492 titi
723 461 780 492 liui
799 461 997 494 nicomchus
1015 466 1064 495 υὲ.
1085 462 1121 494 iii
1138 463 1286 503 praefeci
1306 463 1387 494 urbs
1402 462 1582 494 emendaui
1599 463 1642 494 ab

301 506 384 537 urbe
408 506 506 537 cofid.
530 505 739 536 uictorianus
766 509 817 538 uc.
841 507 1064 539 emendabam
1090 507 1225 539 domnis
1249 507 1456 548 symmachis
1486 507 1573 539 liber
1592 506 1640 538 VI

301 549 442 591 explicit
460 549 590 587 (omnia
605 549 640 579 in
657 548 717 581 litt.
738 550 851 592 capit.)
870 549 913 581 M

344 593 458 625 eadem
481 592 540 624 sed
561 593 756 625 nicomacus
788 594 954 634 sauianus,
982 595 1094 635 urbes,
1121 605 1146 635 y
1171 595 1262 636 (ante
1284 595 1326 627 ab
1356 595 1466 636 urbe),
1492 595 1639 633 condita,

301 638 476 678 symachis
503 636 598 668 DA:
635 638 748 669 eadem
777 649 816 670 ac
837 638 873 669 D
895 638 954 670 sed
976 642 1026 671 ιιό.
1057 639 1116 676 iiii,
1143 642 1167 679 y
1190 642 1281 680 (ante
1306 639 1349 671 ab
1372 639 1473 681 urbe)
1493 638 1523 670 L
1550 638 1641 676 (add.

302 682 421 722 incipit
438 682 524 713 liber
539 681 603 712 VII
622 681 742 722 DLA)
759 693 766 714 :
792 683 844 714 titi
869 683 928 714 liui
949 683 1195 715 nichomachus
1219 683 1385 715 ssauianus
1403 686 1463 717 ,ιιᾱ
1482 683 1526 715 iii.
1546 693 1642 724 prae-

302 726 381 757 fecit
395 724 466 758 ιιι-15.
481 726 661 757 emendaui
680 727 723 758 ab
742 727 824 758 urbe
842 728 940 759 cond.
958 727 1169 759 uictorianus
1187 728 1249 761 ωδ.
1269 727 1489 759 emendabam
1509 727 1645 759 domnis

302 770 531 810 Symmachis.
578 770 663 801 liber
683 770 750 802 .VI.
774 770 864 812 expl.
888 771 1008 812 incipit
1028 771 1112 803 liber
1133 770 1222 804 ,V11.
1247 771 1391 803 feliciter
1405 771 1594 813 H(omm'a
1607 781 1642 802 m

300 815 359 846 litt.
378 825 412 846 ca
435 814 487 853 it.)

346 859 396 890 titi
409 819 494 889 ‘tliuii
521 858 563 890 ab
590 859 673 890 urbe
699 859 836 890 condita
856 859 998 899 explicit
1022 859 1078 891 lib.
1097 859 1145 891 VI
1172 859 1289 901 incipit
1305 860 1362 892 lib.
1377 858 1444 891 V11
1465 858 1497 891 O
1514 859 1564 901 (in
1581 858 1651 891 litt..

302 903 395 943 capit.
415 903 471 934 titi
487 913 592 944 usque
606 901 655 934 ad
667 903 833 941 conditam
857 903 971 935 eadem
989 903 1050 934 sed
1062 904 1117 935 lib.
1137 903 1183 934 Vl
1204 903 1345 944 explicit
1365 903 1417 945 Up

347 947 398 978 titi
424 946 482 978 lini
507 947 591 978 liber
617 946 690 986 (sed
703 947 758 978 lib.
777 947 821 990 Ρ)
840 947 886 980 V1
904 948 1044 989 explicit
1066 947 1185 988 incipit
1204 948 1290 980 liber
1309 947 1374 979 vn
1392 947 1539 979 feliciter
1553 946 1646 979 PFB

305 991 435 1032 (omnia
451 990 486 1022 in
501 991 561 1022 litt.
580 991 693 1032 capit.)

348 1035 400 1067 titi
417 1034 476 1066 liui
493 1035 534 1067 ab
551 1035 634 1067 urbe
650 1035 788 1068 condita
803 1035 888 1068 liber
906 1035 951 1067 VI
970 1035 1111 1077 explicit
1133 1034 1164 1067 T
1176 1035 1306 1077 (omnia
1322 1036 1355 1067 in
1370 1035 1427 1068 liu.
1443 1036 1555 1078 capit.)
