1722 2748
9 1230 13 1237 1
0 967 23 1209 ·2³;÷-s2xffiw2;2mz
25 926 29 930 ,

483 157 556 195 ΑΒ
585 156 738 194 VRBE
768 154 1026 195 CONDITA
1276 152 1359 189 VII
1381 161 1425 188 12
1447 164 1485 194 ιε,

91 267 262 305 Romam
283 265 416 305 ituros.
477 264 779 316 Immiscerique
798 263 990 303 militibus
1017 262 1268 303 centuriones
1288 275 1363 301 nec
1383 261 1424 300 in
1447 271 1486 303 14

89 330 242 371 circulis
262 332 385 370 modo
405 331 569 370 fremere
597 331 669 370 sed
699 329 777 368 iam
806 329 847 369 in
874 328 1075 381 principiis
1094 342 1142 368 ac
1161 327 1356 380 praetorio
1384 326 1423 365 in

89 410 212 436 unum
233 410 436 436 sermones
454 397 649 436 confundi
669 403 789 447 atque
816 395 856 434 in
882 394 1080 434 contionis
1108 392 1423 446 magnitudinem

89 476 264 503 crescere
284 463 399 502 turba
424 470 464 502 et
493 461 696 502 uociferari
728 475 773 501 ex
804 461 991 501 omnibus
1021 462 1118 500 locis
1150 468 1192 499 ut
1226 459 1424 508 extemplo

88 530 140 569 ad
160 529 393 569 dictatorern
408 529 528 569 iretur
543 544 554 579 ;
582 529 705 568 uerba
719 542 793 580 pro
811 528 983 568 exercitu
1001 529 1146 566 faceret
1162 529 1248 567 Sex.
1258 524 1422 571 Tullius,

89 603 132 634 ut
152 594 296 635 uirtute
317 595 400 635 eius
420 590 585 646 dign'um
608 602 722 634 esset.
765 594 988 645 Septimum
1009 593 1180 645 primum
1202 591 1325 643 pilum
1347 590 1425 629 iarn
1445 598 1489 634 13

89 660 244 700 Tullius
264 661 436 700 ducebat
457 674 588 711 neque
603 668 683 699 erat
704 659 742 698 in
760 658 944 707 exercitu,
959 657 1025 710 qui
1048 657 1211 709 quidem
1232 654 1427 708 pedestria

89 726 285 776 stipendia
306 725 472 774 fecisset,
495 725 554 764 uir
574 724 686 764 factis
708 724 886 764 nobilior.

145 792 186 830 Is
205 792 447 842 praecedens
468 790 637 830 militum
655 804 799 842 agmen
824 791 875 830 ad
905 789 1075 830 tribunal
1103 788 1227 841 pergit
1256 786 1426 827 miranti·
1448 799 1463 820 2

89 870 168 908 que
207 856 382 908 Sulpicio
421 870 503 896 non
535 857 692 895 turbam
726 856 851 908 magis
882 870 1001 908 quam
1036 856 1176 895 turbae
1206 853 1426 907 principem

89 923 277 969 Tullium,
300 921 474 972 imperiis
507 921 907 961 oboedientissimum
939 921 1116 970 militem,
1143 920 1197 960 ‘si
1224 920 1326 968 licet,
1349 918 1428 959 dic·
1447 932 1465 963 3

91 989 214 1027 tator'
246 987 385 1038 inquit,
423 989 759 1027 ‘condemnatum
795 1001 837 1026 se
869 988 1077 1026 uniuersus
1115 985 1307 1026 exercitus
1336 998 1360 1023 a
1389 992 1427 1023 te

90 1052 270 1104 ignauiae
300 1061 406 1092 ratus
440 1060 479 1092 et
506 1066 630 1104 prope
663 1052 904 1104 ignominiae
935 1066 1053 1091 causa
1079 1051 1312 1091 destitutum
1342 1049 1428 1089 sine

89 1118 207 1158 armis
226 1118 352 1157 orauit
373 1132 437 1157 me
457 1126 499 1157 ut
519 1132 630 1158 suani
647 1132 806 1158 causam
827 1119 935 1169 apud
955 1126 994 1157 te
1006 1131 1173 1169 agerem.
1215 1117 1425 1167 Equidem,
1446 1131 1466 1159 4

34 1209 43 1221 .
92 1183 218 1223 sicubi
238 1185 328 1223 loco
348 1197 516 1232 cessum,
541 1184 570 1223 si
593 1193 700 1235 terga
721 1186 813 1223 data
833 1183 949 1231 hosti,
972 1183 1003 1222 si
1025 1183 1134 1234 signa
1155 1183 1271 1222 foede
1283 1181 1427 1221 amissa

2 1262 21 1272 ’“
91 1248 197 1288 obici
218 1248 334 1288 nobis
355 1257 529 1300 possent,
545 1257 685 1323 samen
708 1250 784 1288 hoc
805 1263 828 1288 a
847 1257 886 1288 te
911 1247 1108 1300 impetrari
1138 1262 1309 1299 aequum
1339 1261 1428 1287 cen-

92 1329 217 1355 serem
242 1323 284 1355 ut
313 1329 386 1355 nos
417 1315 569 1355 uirtute
586 1317 747 1366 culpam
778 1323 952 1354 nostram
982 1314 1174 1366 corrigere
1203 1322 1242 1354 et
1268 1314 1428 1354 abolere

93 1381 225 1433 flagitii
255 1382 485 1421 memoriam
516 1395 622 1420 noua
649 1381 773 1433 gloria
801 1381 999 1433 patereris.
1058 1380 1189 1420 Etiam
1209 1381 1261 1420 ad
1280 1381 1427 1419 Alliam
1449 1388 1466 1419 5

92 1449 201 1487 fusae
221 1446 398 1498 legiones
408 1449 580 1487 eandem
601 1461 722 1499 quam
739 1461 809 1498 per
829 1460 1017 1499 pauorem
1030 1446 1242 1486 amiserant
1262 1445 1427 1498 patriam

92 1514 290 1564 profectae
314 1520 454 1564 postea
473 1526 496 1551 a
517 1514 626 1551 Veiis
648 1514 792 1552 uirtute
812 1514 1091 1564 reciperauere.
1151 1511 1280 1551 Nobis
1306 1512 1427 1551 deum

93 1577 348 1629 benignitate,
371 1577 558 1617 felicitate
578 1585 646 1616 tua
666 1577 885 1629 populique
907 1577 1094 1626 Romani,
1110 1585 1149 1616 et
1170 1591 1230 1616 res
1249 1585 1288 1616 et
1307 1575 1430 1628 gloria

22 1656 36 1699 ξ
93 1651 152 1683 est
172 1643 322 1695 integra
338 1658 349 1693 3
376 1657 618 1695 quamquam
640 1644 693 1683 de
711 1643 835 1695 gloria
854 1643 919 1682 uix
935 1642 1066 1682 dicere
1085 1642 1222 1690 ausim,
1245 1641 1275 1682 si
1298 1655 1370 1681 nos
1391 1650 1430 1681 et
1449 1649 1468 1681 6

15 1728 38 1758 ρ,
94 1710 228 1749 hostes
250 1710 358 1749 haud
377 1723 491 1749 secus
512 1723 632 1760 quam
655 1708 822 1748 feminas
842 1708 999 1748 abditos
1019 1708 1121 1747 intra
1139 1709 1285 1747 uallum
1306 1707 1430 1747 onini-

95 1775 168 1815 bus
178 1775 430 1816 contumeliis
443 1777 620 1823 eludunt,
636 1783 674 1814 et
687 1783 729 1814 tu
744 1774 955 1826 imperator
968 1775 1266 1825 noster—quod
1278 1774 1430 1825 aegrius

17 1832 37 1858 ”·
94 1839 533 1891 patimur—exercitum
574 1848 685 1879 tuum
729 1841 814 1879 sine
853 1839 1004 1887 animis,
1046 1839 1130 1879 sine
1177 1838 1305 1886 armis,
1346 1838 1429 1878 sine

96 1906 279 1945 manibus
310 1905 464 1945 iudicas
494 1919 580 1946 esse
610 1914 663 1954 et,
681 1905 909 1958 priusquam
936 1913 1118 1957 expertus
1142 1919 1215 1945 nos
1239 1918 1357 1953 esses,
1379 1906 1430 1945 de

142 2020 179 2051 14
203 2011 362 2043 militibus
378 2009 734 2053 PFUpBOHTDLA
753 2022 759 2041 z
785 2010 848 2041 iam
865 2010 1025 2040 militibus
1037 2007 1123 2039 ΜΛἿ
1134 2008 1181 2040 ed.
1199 2009 1326 2041 Mediol.
1350 2011 1432 2048 1480

95 2057 126 2086 et
142 2054 228 2087 Edd.
246 2059 322 2087 ante
337 2055 472 2087 Aldum
630 2054 663 2085 in
687 2054 820 2085 circulis
845 2052 1194 2094 PFUpBOHTDLA
1213 2064 1220 2083 :
1242 2053 1373 2084 circulis
1394 2052 1431 2082 M

162 2099 196 2130 in
214 2109 317 2130 unum
339 2097 716 2140 MPFUpBOTDLA:
742 2098 776 2129 in
798 2108 866 2128 uno
882 2098 923 2128 H
1079 2097 1258 2127 uociferari
1283 2096 1430 2136 UpOH:

97 2142 285 2174 uociferare
302 2142 567 2174 MPFBTDLA
588 2142 640 2182 (cf.
662 2151 711 2173 ιο.
731 2143 783 2174 28.
806 2142 858 2182 η)

142 2192 182 2225 13
208 2196 228 2226 3
252 2187 281 2217 si
309 2186 387 2218 licet
415 2184 619 2217 POHTDA
647 2186 850 2226 (‘aptisszme
877 2185 1005 2216 Tullius
1032 2185 1167 2215 mildam
1196 2183 1370 2215 breuztale'
1395 2187 1432 2214 ut

28 2212 42 2250 s*
97 2229 145 2260 ait
155 2229 268 2262 Madv.
281 2241 294 2267 ,·
309 2230 346 2270 qs:
366 2229 434 2261 Ter.
447 2229 571 2261 Heaut.
585 2240 616 2269 5.
630 2240 658 2261 2.
677 2240 741 2270 203
760 2228 869 2260 Andr.
883 2239 911 2269 5.
929 2240 958 2269 3.
975 2229 1030 2270 22)
1047 2240 1054 2260 :
1078 2228 1208 2259 scilicet
1221 2226 1428 2269 MFUpBL:

96 2273 124 2304 si
141 2272 219 2305 licet
236 2274 350 2305 dicere
366 2273 414 2306 H.
429 2274 466 2313 J.
487 2273 632 2311 Mueller,
649 2274 688 2314 cs.
707 2284 738 2313 3.
759 2283 809 2314 71·
829 2283 860 2313 3,
879 2273 1001 2304 sedhic
1020 2272 1105 2304 male
1257 2281 1277 2311 5
1300 2282 1320 2302 a
1337 2271 1430 2302 Veiis

26 2332 42 2344 vr
96 2316 287 2357 Alschzsskn’,
299 2317 337 2358 ej:
355 2328 386 2356 4.
399 2327 451 2356 31.
467 2328 489 2357 9
505 2329 512 2348 z
534 2318 576 2349 ab
585 2317 667 2348 Veis
679 2317 728 2347 D²
746 2317 800 2348 uel
812 2315 860 2346 D³
875 2328 881 2347 :
906 2317 949 2348 ab
963 2316 1058 2347 Veiis
1070 2315 1119 2347 ed.
1136 2315 1238 2347 Rom.
1261 2316 1343 2355 1469
1358 2326 1365 2346 ε
1386 2315 1429 2345 ab

97 2362 146 2391 eis
171 2358 554 2402 MPFUpBOHDLA:
578 2361 620 2391 ab
643 2361 716 2392 eius
745 2360 775 2391 T
926 2359 1178 2400 reciperauere]
1204 2358 1270 2390 uid.
1292 2368 1318 2389 1.
1344 2368 1391 2390 12.
1413 2368 1424 2388 ι

28 2425 45 2446 :⁴
95 2402 173 2435 adn.
191 2414 198 2434 :
223 2414 468 2445 recuperauere
490 2403 831 2435 MPFBOHTDLA
991 2405 1013 2434 6
1037 2413 1100 2434 nos
1117 2413 1211 2433 esses
1231 2401 1436 2443 MUpOHT

30 2445 55 2497 {5}
97 2444 196 2477 DLA
214 2457 221 2478 :
245 2458 313 2478 non
331 2457 428 2479 esses
443 2447 522 2478 PF?
531 2447 614 2478 31)ss
