1722 2748
644 140 970 178 PRAEFATIO

141 251 231 290 facit
251 258 290 290 et
310 251 407 289 nihil
428 250 649 301 intelligunt
672 250 818 300 stupidi
837 252 871 298 ’3
903 251 998 288 alias
1023 254 1031 270 ‘
1045 251 1132 301 quis
1154 250 1217 289 hic
1238 264 1319 289 non
1337 253 1481 290 clamat

141 318 179 355 in
208 318 447 367 professores
477 329 577 367 quos
607 317 845 366 exemplaria
878 323 1036 355 uetusta
1064 317 1270 355 consulere
1300 316 1405 366 piget
1433 329 1480 355 ac

139 382 312 433 pudet?’
367 381 508 432 Agitur
538 389 672 421 tamen
708 388 839 420 utrum
872 383 946 421 hos
985 383 1082 421 tales
1120 381 1279 421 codices
1311 383 1481 421 Gelenio

141 447 359 486 Rhenanus
379 446 594 486 reddiderit
614 460 665 486 an
687 446 796 486 alios.

192 511 342 550 Vltima
360 511 566 551 adnotatio
587 513 769 551 Rhenani
792 513 844 551 ad
865 514 962 550 salis
982 512 1074 550 scire
1093 525 1176 550 eum
1195 524 1269 550 esse
1285 510 1338 563 (6.
1359 513 1418 550 28.
1442 510 1481 563 7)

139 580 242 617 sacta
263 585 323 617 est
349 579 413 617 uel
443 577 585 628 potius,
620 585 663 616 ut
687 577 856 626 uidetur,
885 579 936 616 ad
964 578 1171 615 discordiae
1199 577 1249 628 (6.
1274 590 1337 627 31.
1361 579 1384 615 6
1412 577 1479 615 ubi

139 641 232 681 uide
252 642 303 681 sis
323 642 623 681 adnotationem
646 643 804 695 meam).
868 641 976 681 Libri
998 641 1154 692 septimi
1174 642 1226 680 ab
1247 641 1359 681 initio
1379 655 1479 692 opus

139 707 282 759 excipit
302 706 492 746 Gelenius
507 721 517 755 3
547 707 579 745 is
604 707 700 745 nihil
729 708 780 746 de
811 707 971 746 mutatis
998 706 1204 745 codicibus
1233 706 1387 745 monuit
1409 707 1479 745 sed

139 772 180 811 in
206 772 366 812 citando
392 771 586 811 similibus
615 771 746 811 uerbis
776 771 922 822 quibus
954 773 1174 810 Rhenanus
1204 771 1350 819 utitur3
1384 771 1479 810 citat

139 837 245 876 enim
269 840 278 857 ‘
291 844 468 876 uetustos
484 836 644 877 codices
657 838 678 885 '‚
703 837 932 888 ‘antiquam
953 836 1164 876 lectionem
1179 838 1199 885 ⁷,
1218 839 1229 857 ‘
1242 837 1480 888 exemplaria

139 902 283 954 scripta
297 904 316 950 ',
349 903 608 954 ‘exemplaria
629 902 869 942 Germanica
882 904 902 951 ',
929 902 1143 942 ‘sinceram
1164 902 1376 942 lectionem
1393 904 1412 951 '',
1435 910 1479 942 ut

139 970 203 1008 uix
242 968 450 1020 quisquam
491 970 614 1008 lector
653 968 848 1020 ingenuus
887 976 927 1008 et
965 968 1088 1008 animi
1127 968 1316 1020 simplicis
1354 970 1479 1020 possit

138 1034 317 1075 dubitare
339 1034 435 1086 quin
456 1034 647 1075 Gelenius
669 1035 820 1075 eisdem
841 1049 888 1075 ac
910 1037 1130 1075 Rhenanus
1152 1037 1191 1074 in
1218 1035 1345 1074 Libris
1368 1036 1477 1074 I-VI

138 1115 232 1141 usus
253 1101 313 1141 sit.
355 1100 406 1141 Et
426 1101 456 1140 si
479 1101 624 1152 quibus
644 1109 712 1142 aut
733 1101 896 1142 minoris
917 1116 1004 1142 esse
1023 1101 1267 1142 auctoritatis
1288 1110 1326 1142 et
1348 1101 1479 1141 minus

139 1166 347 1206 distinctae
374 1166 528 1206 uirtutis
554 1181 674 1218 quam
698 1167 988 1208 Vormatiensis
1014 1175 1082 1207 aut
1101 1181 1125 1207 a
1146 1167 1334 1207 Mediceo
1362 1167 1478 1206 latius

138 1231 292 1272 differre
308 1231 494 1272 uidentur
509 1232 668 1272 codices
682 1232 903 1281 Geleniani,
923 1233 1213 1272 recordandum
1232 1240 1291 1272 est
1306 1231 1477 1284 primum

138 1311 240 1349 quae
261 1298 311 1337 de
332 1297 520 1338 Mediceo
537 1298 628 1349 ipso
648 1312 766 1349 supra
782 1298 934 1338 dictum
955 1306 1014 1338 est
1035 1306 1074 1337 et
1094 1300 1145 1338 de
1163 1298 1250 1337 aliis
1270 1298 1478 1338 codicibus

138 1363 253 1402 huius
290 1362 462 1403 Decadis
497 1371 690 1414 quantum
725 1377 749 1403 a
783 1377 825 1403 se
860 1363 901 1402 in
933 1363 1099 1404 diuersis
1138 1365 1314 1415 partibus
1347 1366 1478 1415 operis

137 1429 361 1480 discrepent
408 1426 464 1480 (ἕξ
486 1429 650 1481 37-40).
710 1430 791 1470 Cur
839 1428 955 1480 igitur
1004 1429 1190 1468 miremur
1236 1431 1268 1468 si
1316 1429 1478 1469 codices

138 1493 345 1533 Geleniani
375 1494 495 1532 alium
526 1507 708 1545 saporem
739 1494 956 1545 praebeant
989 1507 1035 1533 ac
1069 1493 1228 1533 codices
1262 1494 1479 1534 Rhenani?

138 1559 231 1598 mihi
263 1566 407 1607 tamen,
441 1559 663 1598 confitebor
693 1560 812 1608 enim,
844 1574 892 1600 ex
926 1559 1083 1599 indiciis
1116 1573 1218 1610 quae
1248 1559 1475 1611 parcissime

137 1624 248 1664 dedit
290 1624 481 1663 Gelenius
527 1632 565 1664 et
612 1638 659 1664 ex
706 1625 863 1665 silentio
912 1625 995 1665 eius
1041 1624 1243 1672 iudicanti,
1291 1625 1477 1664 uidentur

136 1692 370 1741 plerumque
396 1691 557 1729 easdem
586 1692 761 1739 uirtutes,
797 1691 1006 1730 sanitatem
1037 1698 1076 1729 et
1105 1690 1349 1739 fidelitatem,
1378 1704 1476 1742 quas

136 1755 176 1794 in
193 1754 415 1795 Oxoniensi
438 1763 572 1794 nostro
596 1756 835 1804 inuenimus,
856 1756 1055 1807 praebere,
1073 1762 1111 1794 et
1132 1755 1275 1794 eodem
1302 1768 1410 1795 more
1430 1769 1477 1795 ac

136 1820 421 1860 Vormatiensis
453 1827 492 1859 et
519 1821 731 1861 Mediceus
760 1830 799 1862 et
829 1821 1067 1862 Oxoniensis
1102 1834 1209 1859 nunc
1241 1820 1333 1859 huic
1368 1835 1475 1860 nunc

136 1885 189 1924 illi
219 1885 390 1926 familiae
418 1886 605 1926 codicum
638 1887 961 1939 adpropinquare
991 1886 1136 1925 nullius
1171 1886 1320 1925 addicti
1351 1886 1475 1926 iurare

136 1951 176 1990 in
197 1952 319 1991 uerba
338 1951 509 2004 magistri
531 1951 629 2004 (uid.
654 1953 866 2004 praecipue
882 1969 917 2005 9.
944 1966 978 2004 5.
1006 1952 1081 2005 10).

192 2019 415 2068 Hucusque
452 2030 536 2056 rem
571 2018 890 2058 examinaueram
930 2032 999 2070 per
1033 2017 1306 2057 testimonium
1346 2031 1475 2057 rerum

136 2082 375 2122 internarum
410 2081 461 2135 (si
497 2084 571 2123 hac
606 2084 808 2124 locutione
847 2084 903 2124 uti
942 2083 1076 2136 licet):
1117 2085 1169 2123 ad
1203 2083 1474 2123 testimonium

136 2155 340 2187 externum
367 2155 406 2188 et
434 2148 557 2188 uerba
583 2148 669 2201 ipsa
693 2150 879 2190 Rhenani
908 2148 989 2201 (ed.
1018 2149 1134 2188 Frob.
1171 2160 1286 2199 1535,
1312 2161 1348 2199 p.
1377 2150 1418 2200 6)
1438 2155 1478 2188 et

136 2214 278 2252 Geleni
312 2212 381 2265 (id.
417 2227 455 2265 p.
490 2226 510 2265 5
547 2221 586 2254 et
619 2215 739 2254 Drak.
777 2215 841 2264 vii,
877 2228 916 2266 p.
950 2213 1045 2267 273)
1075 2227 1167 2253 cum
1206 2213 1348 2252 iterum
1387 2220 1477 2264 post

135 2277 286 2328 aliquot
314 2292 442 2318 annos
467 2292 683 2319 conuersus
712 2293 851 2328 essem,
883 2281 1025 2319 melius
1053 2279 1264 2319 uidebatur
1293 2291 1396 2329 quae
1424 2280 1475 2318 ad

138 2358 220 2384 rem
241 2344 439 2395 pertinent
459 2346 576 2396 plene
596 2345 845 2397 subiungere.

195 2408 327 2448 Primo
375 2411 595 2449 Rhenanus
646 2412 868 2462 ‘exemplar
919 2411 1070 2462 primae
1116 2410 1301 2450 decadis'
1350 2409 1478 2460 inquit

779 2490 845 2516 xm
