1722 2748
252 122 335 159 VII
358 131 407 170 37
433 138 470 159 10
863 123 984 160 TITI
1018 123 1134 160 LIVI

282 243 320 266 10
338 233 538 279 Ceterum,
567 233 660 282 quia
685 231 898 271 multitudo
926 245 996 270 sua
1023 232 1312 271 commeatibus
1341 233 1540 283 grauiset
1569 232 1676 284 prius

336 298 518 336 sedendo
536 298 588 336 ad
609 298 836 337 Suessulam
856 305 895 336 et
916 305 1000 336 tum
1022 296 1247 336 certaminis
1267 310 1379 336 mora
1404 297 1514 338 haud
1538 298 1676 349 procul

334 363 386 401 ab
406 376 535 402 rerum
556 363 736 402 omnium
753 363 888 414 inopia
903 371 1017 411 esset,
1036 365 1194 414 placuit,
1212 363 1315 403 dum,
1325 363 1502 403 inclusus
1516 371 1677 415 paueret

280 447 314 469 ιι
335 429 471 477 hostis,
495 431 778 469 frumentatum
800 443 869 480 per
888 443 1002 480 agros
1023 429 1188 468 militem
1211 428 1330 469 duci:
1358 428 1517 468 interim
1540 428 1677 480 quieto

337 497 533 544 Romano,
570 495 639 547 qui
672 495 880 549 expeditus
914 503 1108 547 quantum
1142 495 1288 535 umeris
1322 495 1424 535 inter
1456 509 1566 536 arma
1598 494 1677 546 geri

336 570 471 614 posset
492 561 677 601 frumenti
698 575 835 601 secum
855 561 1060 610 attulisset,
1083 563 1268 602 defutura
1285 561 1433 601 omnia.

280 650 316 672 12
392 629 544 668 Consul
573 629 726 679 palatos
756 642 825 678 per
852 641 966 679 agros
995 641 1088 666 cum
1117 626 1283 667 uidisset
1311 628 1458 676 hostes,
1489 626 1678 667 stationes

337 692 605 744 infrequentes
639 692 806 741 relictas,
842 692 978 744 paucis
1017 692 1161 731 milites
1199 684 1432 732 adhortatus
1467 693 1519 742 ad
1552 700 1679 732 castra

277 772 315 804 ¹3
336 759 607 810 oppugnanda
626 759 748 798 ducit.
809 759 924 808 Quae
945 771 1035 797 cum
1057 757 1186 809 primo
1202 759 1374 798 clamore
1389 765 1510 809 atque
1526 756 1677 808 impetu

335 822 517 874 cepisset,
542 823 720 874 pluribus
744 823 919 863 hostium
950 823 991 863 in
1019 822 1198 863 tentoriis
1226 823 1309 863 suis
1334 827 1459 874 quam
1485 822 1528 862 in
1554 821 1678 875 portis

336 890 523 940 ualloque
539 888 663 928 caesis
684 888 795 940 signa
814 889 973 941 captiua
991 888 1033 929 in
1053 902 1178 928 unum
1199 890 1333 928 locum
1353 890 1522 930 conferri
1539 890 1679 938 ⁴iussit3

335 954 560 1005 relictisque
591 955 747 993 duabus
778 943 1001 1006 legionibus
1019 953 1236 994 'custodiae
1265 962 1305 994 et
1333 953 1519 1006 praesidii
1547 967 1675 1003 causa,

334 1019 445 1071 graui
486 1019 620 1059 edicto
665 1020 826 1060 monitis
865 1028 920 1069 ut,
961 1021 1094 1059 donec
1130 1019 1216 1070 ipse
1254 1019 1492 1069 reuertisset,
1532 1022 1678 1072 praeda

279 1096 317 1127 14
336 1085 590 1134 abstinerent,
627 1087 828 1136 profectus
866 1085 1025 1137 agmine
1063 1084 1267 1133 instructo,
1308 1099 1400 1124 cum
1439 1086 1678 1137 praemissus

337 1165 460 1203 eques
499 1153 607 1190 uelut
642 1150 828 1202 indagine
859 1150 1071 1202 dissipatos
1103 1150 1302 1190 Samnites
1335 1159 1478 1202 ageret,
1512 1153 1675 1191 caedem

279 1231 318 1263 15
337 1217 540 1268 ingentem
580 1216 683 1256 feeit.
745 1218 849 1256 Nam
888 1230 1020 1267 neque
1053 1229 1135 1267 quo
1169 1215 1283 1267 signo
1317 1216 1474 1256 coirentv
1501 1216 1603 1256 inter
1635 1230 1678 1257 se

338 1296 469 1334 neque
507 1291 639 1326 utrum
678 1290 807 1322 eastra
842 1289 1022 1334 peterent
1065 1295 1117 1321 an
1159 1282 1379 1333 longiorem
1391 1273 1403 1321 ’.
1425 1280 1677 1322 intenderent

281 1353 319 1384 16
337 1349 481 1400 sugam,
505 1348 645 1388 territis
661 1356 841 1388 constare
857 1355 1011 1399 poterat
1024 1362 1037 1397 3
1063 1355 1300 1399 tantumque
1315 1349 1429 1399 fugae
1443 1362 1491 1388 ac
1502 1348 1677 1388 ‘formidi-

338 1416 398 1453 nis
419 1413 503 1461 fuit,
525 1421 568 1453 ut
588 1415 640 1453 ad
661 1413 922 1465 quadraginta
943 1413 1053 1452 milia
1077 1421 1591 1465 scutorum-nequaquam
1618 1421 1678 1453 tot

337 1479 558 1519 caesis—et
579 1479 690 1531 signa
710 1479 892 1519 militaria
910 1493 1002 1519 cum
1025 1479 1070 1518 iis
1090 1493 1194 1530 quae
1212 1479 1253 1518 in
1274 1481 1410 1519 castris
1431 1487 1547 1531 capta
1567 1486 1676 1519 erant

282 1556 319 1591 17
338 1547 390 1585 ad
417 1554 578 1585 centum
606 1547 856 1597 septuaginta
880 1547 932 1585 ad
958 1546 1165 1584 consulem
1189 1546 1447 1585 deferrentur.
1504 1547 1611 1585 Tum
1635 1546 1676 1584 in

337 1619 464 1651 castra
484 1612 660 1651 hostium
680 1611 851 1651 reditum
870 1610 1006 1662 ibique
1027 1610 1156 1650 omnis
1177 1612 1324 1662 praeda
1338 1611 1457 1650 militi
1477 1612 1582 1651 data.

265 1680 318 1727 38
394 1679 527 1716 Huius
561 1676 787 1717 certaminis
820 1678 977 1716 fortuna
1010 1684 1049 1716 et
1083 1678 1269 1726 Faliscos,
1310 1691 1403 1717 cum
1437 1677 1478 1717 in
1513 1677 1676 1718 indutiis

337 1750 479 1790 essent,
502 1744 643 1782 foedus
663 1751 796 1794 petere
815 1743 868 1782 ab
886 1750 1027 1782 senatu
1047 1743 1177 1793 coegit
1196 1750 1236 1782 et
1256 1743 1421 1783 Latinos
1441 1743 1521 1783 iam
1535 1745 1677 1784 exerci·
1719 1761 1722 1773 τ

336 1808 442 1848 tibus
473 1809 708 1859 comparatis
740 1809 792 1848 ab
822 1810 1010 1847 Romano
1038 1807 1078 1847 in
1110 1809 1341 1859 Paelignum
1370 1810 1486 1849 uertit
1515 1809 1676 1850 bellum.

299 1891 316 1913 2
338 1875 482 1924 Neque
502 1874 555 1913 ita
574 1875 629 1913 rei
649 1882 783 1925 gestae
802 1875 908 1912 sama
928 1873 1066 1912 Italiae
1090 1887 1132 1912 se
1158 1874 1305 1913 finibus
1328 1874 1456 1915 tenuit
1481 1875 1555 1914 sed
1585 1875 1676 1916 Car·
1720 1892 1722 1905 τ

336 1938 604 1989 thaginienses
624 1952 786 1990 quoque
804 1941 953 2003 legatos
972 1940 1209 1990 gratulatum
1228 1940 1401 1979 Romam
1422 1941 1563 1980 misere
1583 1954 1675 1980 cum
1719 1983 1722 1986 ,

337 2017 508 2044 coronae
527 2018 668 2044 aureae
686 2006 808 2053 dono,
826 2017 927 2055 quae
944 2003 984 2042 in
1000 2003 1202 2056 Capitolio
1216 2004 1257 2043 in
1274 2004 1384 2045 Iouis
1400 2007 1499 2046 cella
1514 2019 1675 2058 ponere-

384 2121 419 2141 11
446 2111 562 2150 quieto
579 2110 630 2140 Α2
648 2110 701 2141 ucl
722 2109 781 2151 A¹‚
804 2109 882 2140 Lov.
899 2121 941 2149 4:
964 2110 1041 2150 quia
1067 2114 1101 2141 et
1121 2109 1429 2152 PFUpOHTDL:
1452 2111 1531 2152 quia
1554 2094 1617 2144 M-=
1640 2115 1675 2144 et
1718 2143 1722 2159 ἰ

337 2154 369 2182 Α
388 2164 487 2193 quem
508 2158 666 2185 secuntur
679 2152 766 2184 Edd‘
787 2153 949 2194 plurimi:
972 2164 1038 2186 om.
1058 2153 1175 2186 Madv.
1343 2165 1459 2186 secum
1483 2154 1673 2197 MPFUpo

343 2195 420 2226 T2A
437 2208 445 2227 z
469 2202 503 2227 et
521 2208 594 2228 cum
613 2197 643 2227 T
639 2196 705 2227 DL
721 2208 729 2229 ε
752 2202 787 2228 et
803 2203 1012 2229 commeatus
1028 2198 1119 2239 (cum
1135 2198 1282 2234 tulisset]
1300 2198 1343 2229 H
1474 2208 1513 2230 12
1537 2198 1674 2231 relictas

337 2239 524 2279 MPFUpO
533 2240 660 2271 TDLA
678 2251 686 2271 ε
710 2240 837 2271 relictis
857 2240 900 2271 H
1046 2252 1083 2281 15
1107 2242 1236 2273 coirent
1258 2241 1353 2272 T2A³
1368 2242 1440 2274 dett.
1459 2243 1536 2283 aliq.
1553 2254 1562 2274 :
1581 2243 1673 2275 coire
1720 2251 1722 2269 2

338 2282 698 2322 MPFUpOHTDLA
836 2286 876 2316 16
899 2295 975 2316 cum
993 2285 1035 2316 iis
1051 2284 1132 2316 M?:
1153 2296 1229 2317 cum
1251 2286 1280 2317 is
1294 2285 1348 2317 Μι
1367 2286 1420 2317 uel
1433 2285 1488 2316 M²
1507 2291 1569 2327 per
1582 2296 1646 2318 ras.
1663 2296 1672 2317 :

337 2336 410 2357 cum
431 2327 494 2357 hiis
511 2327 560 2357 ΑΞ
576 2328 611 2358 in
629 2338 693 2359 ras.
709 2339 717 2359 ε
740 2338 815 2358 curn
833 2328 885 2358 his
901 2327 1062 2360 PFOT2:
1092 2329 1224 2361 cunctis
1239 2328 1374 2360 HTDL
1648 2351 1651 2353 -

380 2369 428 2409 38
453 2380 473 2400 2
498 2371 662 2410 Cartbag-
686 2370 792 2402 MP22
824 2371 964 2411 Cartag-
988 2371 1107 2404 PFO:
1132 2373 1288 2412 chartag·
1311 2373 1368 2405 A:
1394 2372 1564 2413 Karthag-
1594 2371 1670 2405 TL:
1715 2390 1722 2411 ⁷3

338 2413 484 2452 Kartag-
501 2413 554 2444 H:
581 2414 731 2454 Kathag-
749 2414 785 2445 D
1716 2421 1722 2433 ’-
