1722 2748
202 134 266 171 IX
287 134 310 170 8
334 149 350 179 3
817 134 937 171 TITI
970 135 1087 172 LIVI

245 264 264 292 4
285 243 478 284 miniosae
497 244 617 296 pacis.
678 246 765 296 Ego
791 252 936 293 tamen,
960 245 1122 295 quando
1143 257 1276 296 neque
1296 246 1348 285 de
1367 257 1472 285 noxa
1491 251 1626 286 nostra

283 323 415 362 neque
431 312 482 351 de
495 325 626 363 poena
639 310 853 359 rettulistis,
868 309 1016 350 omissa
1035 309 1280 359 defensione,
1303 323 1407 362 quae
1426 324 1510 351 non
1529 310 1626 352 diffi-

283 375 430 416 cillima
463 384 567 416 esset
597 377 706 428 apud
739 377 848 416 haud
882 374 1039 427 ignaros
1077 377 1324 415 fortunarum
1362 376 1625 416 humanarum

282 441 671 495 necessitatiumque,
693 440 933 481 sententiam
953 442 1005 480 de
1025 455 1075 480 eo
1090 441 1142 481 de
1161 454 1243 492 quo
1264 439 1468 481 rettulistis
1487 441 1626 494 paucis

282 521 468 560 peragam
484 523 495 558 3
523 522 626 560 quae
656 509 854 548 sententia
883 506 993 547 testis
1027 506 1099 547 erit
1132 506 1285 547 mihine
1315 520 1370 548 an
1401 506 1624 559 legionibus

284 573 423 613 uestris
451 573 706 626 pepercerim,
729 588 822 613 cum
844 587 908 612 me
932 587 1001 613 seu
1029 571 1134 624 turpi
1162 586 1233 612 seu
1259 573 1482 614 necessaria
1509 587 1627 626 spon-

245 654 262 684 5
283 639 397 679 sione
425 639 616 679 obstrinxi
632 655 643 689 3
682 653 762 691 qua
790 647 938 688 tamen,
969 640 1134 691 quando
1166 638 1316 678 iniussu
1352 640 1489 691 populi
1521 641 1626 680 facta

283 711 354 754 est,
389 719 472 745 non
505 713 661 746 tenetur
687 706 860 757 populus
895 706 1116 753 Romanus,
1147 717 1223 744 nec
1251 703 1468 756 quicquam
1498 718 1548 745 ex
1579 718 1627 745 ea

245 782 265 812 ο
283 777 556 822 praeterquam
573 785 741 822 corpora
753 779 888 810 nostra
903 769 1103 810 debentur
1117 769 1374 810 Samnitibus,
1419 771 1626 811 Dedamur

283 849 353 887 per
378 835 529 875 fetiales
554 836 651 876 nudi
677 835 882 886 uinctique
895 849 905 883 ;
937 836 1188 875 exsoluamus
1209 835 1398 888 religione
1417 837 1622 888 populum,

283 901 313 940 si
344 915 425 953 qua
452 901 730 953 obligauimus,
761 915 814 941 ne
841 900 940 953 quid
973 900 1100 940 diuini
1131 900 1348 941 humaniue
1381 901 1513 941 obstet
1543 914 1625 953 quo

245 984 262 1021 7
283 969 414 1008 minus
443 968 590 1008 iustum
615 967 807 1020 piumque
826 968 878 1007 de
899 966 1051 1017 integro
1073 965 1227 1006 ineatur
1247 966 1409 1006 bellum.
1469 967 1625 1007 Interea

282 1035 466 1074 consules
499 1032 713 1073 exercitum
749 1033 936 1082 scribere,
968 1046 1132 1082 armare,
1167 1034 1338 1074 educere
1373 1032 1513 1084 placet,
1550 1044 1625 1072 nec

282 1099 388 1151 prius
409 1098 559 1150 ingredi
582 1099 759 1138 hostium
780 1099 880 1138 fines
900 1112 1023 1150 quarn
1042 1097 1178 1137 omnia
1195 1098 1295 1136 iusta
1316 1096 1356 1136 in
1377 1096 1624 1137 deditionem

243 1175 263 1206 8
281 1173 457 1205 nostram
480 1165 658 1216 perfecta
672 1173 801 1206 erunt.
842 1168 938 1214 Vos,
962 1165 1004 1206 di
1024 1165 1278 1214 immortales,
1301 1177 1442 1217 precor
1461 1178 1626 1216 quaeso-

282 1245 371 1282 que,
394 1229 427 1270 si
456 1230 571 1270 uobis
599 1245 680 1270 non
716 1232 789 1272 fuit
822 1231 934 1272 cordi
965 1233 1031 1283 Sp.
1065 1231 1316 1272 Postumium
1337 1231 1386 1270 T.
1415 1229 1631 1270 Veturium

242 1311 262 1343 9
282 1298 466 1338 consules
495 1310 587 1337 cum
618 1297 865 1338 Samnitibus
896 1311 1082 1350 prospere
1117 1298 1266 1337 bellum
1297 1310 1442 1348 gerere,
1477 1304 1518 1337 at
1552 1309 1624 1337 uos

281 1363 374 1403 satis
404 1363 586 1404 habeatis
615 1364 763 1404 uidisse
790 1377 867 1406 nos
889 1365 967 1404 sub
991 1363 1128 1415 iugum
1155 1362 1308 1412 missos,
1331 1361 1480 1402 uidisse
1509 1376 1625 1415 spon-

280 1428 392 1468 sione
431 1427 570 1468 infami
597 1428 808 1479 obligatos,
837 1427 977 1469 uidere
1009 1430 1142 1471 nudos
1170 1427 1411 1480 uinctosque
1444 1427 1625 1468 hostibus

281 1493 449 1543 deditos,
473 1508 635 1534 omnem
658 1494 755 1533 iram
777 1494 953 1534 hostium
974 1493 1118 1534 nostris
1140 1494 1335 1547 capitibus
1355 1493 1597 1546 excipientes
1617 1509 1626 1543 3

226 1577 262 1599 10
281 1573 409 1599 nouos
454 1561 640 1599 consules
686 1559 943 1611 legionesque
981 1561 1189 1601 Romanas
1225 1559 1280 1600 ita
1317 1574 1410 1600 cum
1448 1560 1625 1601 Samnite

281 1639 415 1677 gerere
434 1626 584 1667 bellum
606 1625 748 1675 uelitis,
766 1634 809 1666 ut
829 1626 967 1666 omnia
984 1634 1078 1667 ante
1098 1640 1172 1667 nos
1192 1628 1377 1668 consules
1397 1626 1503 1668 bella
1515 1636 1625 1680 gesta

282 1692 399 1732 sunt.'

227 1772 260 1796 ιι
337 1757 452 1805 Quae
481 1757 550 1797 ubi
579 1757 688 1806 dixit,
721 1765 832 1798 tanta
859 1757 978 1798 simul
1006 1758 1216 1800 admiratio
1245 1759 1525 1813 miseratioque
1552 1760 1625 1801 uiri

283 1823 445 1864 incessit
471 1823 655 1863 homines
677 1831 720 1863 ut
742 1825 866 1863 modo
887 1823 953 1864 uix
973 1825 1180 1866 crederent
1212 1825 1323 1866 illum
1343 1827 1518 1868 eundem
1537 1840 1626 1868 esse

227 1899 262 1923 ¹2
283 1890 348 1940 Sp.
372 1889 621 1928 Postumium
651 1889 719 1940 qui
747 1897 886 1930 auctor
914 1899 995 1930 tam
1025 1892 1168 1931 foedae
1196 1891 1304 1943 pacis
1330 1893 1478 1942 fuisset,
1501 1893 1624 1933 modo

282 1955 558 1995 miserarentur
577 1957 687 2006 quod
713 1956 772 1995 uir
798 1956 886 1996 talis
915 1956 1034 1997 etiam
1065 1956 1322 2010 praecipuum
1350 1957 1460 2010 apud
1488 1958 1623 1998 hostes

225 2036 263 2067 ¹3
283 2020 520 2072 supplicium
550 2035 735 2072 passurus
764 2029 868 2061 esset
894 2022 948 2061 ob
973 2021 1071 2062 iram
1098 2022 1319 2075 diremptae
1338 2021 1460 2075 pacis.
1518 2023 1622 2064 Cum
1680 2019 1682 2059 ᾗ

283 2101 421 2127 omnes
456 2089 641 2127 laudibus
679 2089 800 2128 modo
836 2096 1120 2140 prosequentes
1155 2089 1283 2128 uirum
1315 2088 1355 2129 in
1385 2087 1622 2130 sententiam

327 2202 343 2230 7
370 2192 577 2225 deditionem
596 2198 746 2225 nostram
763 2192 1028 2235 MPFUpOT2:
1053 2193 1260 2225 deditionem
1281 2198 1398 2225 nostra
1419 2193 1515 2225 TDA
1534 2204 1543 2226 ε
1565 2194 1622 2225 de·
1676 2169 1684 2186 ·.

284 2236 412 2267 ditione
430 2243 545 2268 nostra
563 2236 591 2268 L
609 2237 689 2269 Lov.
708 2248 729 2278 4
884 2247 918 2268 11
947 2237 1104 2269 homines
1121 2236 1311 2279 MPFUpO
1321 2237 1450 2269 TDLA
1466 2248 1474 2269 :
1503 2248 1622 2269 omnes
1678 2258 1680 2260 -

283 2278 364 2311 Lov.
382 2291 401 2319 4
421 2280 520 2313 Gron.
639 2292 740 2320 12-14
758 2281 848 2322 quod
866 2282 919 2312 uir
934 2303 943 2313 .
962 2305 972 2314 .
992 2305 1000 2314 .
1017 2281 1282 2314 restituerentur
1298 2280 1504 2312 MOTDLA
1519 2292 1528 2313 e
1550 2292 1618 2313 om.

283 2322 408 2364 PFUp‚
429 2324 484 2355 ale.
504 2325 591 2356 duas
611 2330 721 2365 partes
737 2325 910 2356 columnae
927 2325 1070 2357 uncialis
1093 2325 1308 2365 exemplaris,·
1333 2324 1393 2356 sed
1415 2334 1488 2356 cum
1512 2330 1622 2356 autem
1674 2324 1679 2329 ’

283 2366 409 2398 tribuni
418 2369 583 2399 dixissent
593 2369 859 2410 bem‘gnesupplet
867 2367 920 2410 Up
968 2368 1025 2411 [In
1033 2378 1087 2400 22.
1098 2379 1140 2408 32
1149 2368 1226 2401 Put.
1239 2368 1327 2400 duas
1331 2368 1622 2410 partescolumnae

285 2413 337 2448 (55
362 2421 386 2448 1,
407 2412 442 2449 2)
457 2415 534 2452 post
549 2412 677 2443 tertiam
695 2414 727 2450 (ξ
746 2413 781 2451 3)
800 2412 943 2454 scripsit]
1048 2422 1086 2443 12
1103 2413 1290 2453 diremptae
1307 2411 1416 2443 MOA
1432 2423 1440 2444 z
1466 2412 1619 2452 direptae

291 2453 352 2484 TD
366 2466 373 2486 :
397 2455 546 2486 directae
559 2455 585 2485 L
610 2455 678 2493 xsed
691 2456 725 2486 in
744 2455 783 2486 M
797 2456 902 2488 littera
919 2467 937 2487 e
946 2455 1068 2497 finalts
1083 2460 1130 2487 est
1144 2459 1205 2488 aut
1219 2466 1314 2487 erasa
1330 2459 1391 2488 aut
1406 2466 1470 2487 usu
1488 2455 1618 2496 detrita)
1674 2491 1675 2494 Ἰ
