1722 2748
265 136 302 172 x
321 146 347 184 4
372 151 410 172 10
852 135 973 174 T1T1
1006 135 1123 174 L1V1

320 259 404 286 rem
424 246 591 286 cultiora
610 258 731 297 quam
756 244 968 296 pastoralia
986 257 1084 294 esse,
1105 243 1181 285 ‘ite
1206 244 1333 297 igitur,
1355 245 1476 286 dicite
1491 247 1500 265 '
1519 245 1660 299 inquit,

322 316 332 334 ⁴
375 318 533 364 etegant
552 311 797 362 nequiquam
818 310 1002 350 conditas
1022 310 1185 351 insidias
1202 327 1210 352 :
1239 311 1376 352 omnia
1396 311 1495 352 scire
1515 313 1663 353 Roma-

321 392 419 418 num
453 392 528 418 nec
562 377 687 429 magis
718 377 796 416 iam
831 378 926 417 dolo
957 377 1045 431 Q
1075 391 1197 429 quam
1230 378 1349 418 armis
1378 377 1484 419 uinci
1520 363 1674 438 possgt]

265 462 297 483 11
323 445 439 484 Haec
465 443 535 483 ubi
559 442 695 483 audita
715 450 808 482 sunt
826 450 865 483 et
885 444 937 483 ad
961 456 1030 484 eos
1050 442 1118 494 qui
1145 444 1410 484 consederant
1439 445 1479 484 in
1509 444 1662 484 insidiis

321 512 481 562 perlata,
502 518 801 550 consurrectum
822 517 986 561 repente
1005 523 1053 549 ex
1077 509 1237 549 latebris
1257 517 1317 550 est
1336 517 1376 550 et
1396 510 1437 549 in
1457 517 1659 562 patentem

265 595 300 617 12
320 578 372 617 ad
393 584 654 628 conspectum
675 575 855 627 undique
873 589 1061 627 campum
1082 577 1234 628 prolata
1254 575 1375 628 signa.
1420 576 1517 616 Visa
1531 578 1662 628 legato

321 643 447 683 maior
469 642 574 682 acies
598 655 718 694 quam
746 655 848 693 quae
877 642 929 681 ab
959 655 1033 681 suo
1062 642 1261 693 praesidio
1290 641 1474 682 sustineri
1503 650 1637 695 posset
1653 657 1664 693 3

320 709 455 761 itaque
475 721 644 760 propere
659 709 712 748 ad
732 708 965 747 dictatorem
987 707 1131 747 auxilia
1149 707 1321 760 accitum
1342 707 1486 758 mittit3
1514 707 1663 749 interea

320 775 406 828 ipse
426 775 598 826 impetus
618 773 793 813 hostium
814 775 994 814 sustinet.

275 846 302 888 5
376 842 531 881 Nuntio
556 841 677 879 allato
702 839 872 879 dictator
893 839 1005 891 signa
1025 839 1114 880 ferri
1134 853 1182 880 ac
1201 841 1315 892 sequi
1336 840 1447 881 iubet
1465 848 1638 882 armatos
1653 855 1664 891 ;

285 922 300 943 2
321 907 393 947 sed
421 906 610 946 celeriora
626 918 763 957 prope
791 905 928 944 omnia
957 905 1125 958 imperio
1154 913 1291 955 erant3
1323 914 1434 958 rapta
1462 908 1663 958 externplo

321 972 434 1025 signa
451 985 652 1024 armaque,
675 978 716 1011 et
733 970 800 1011 uix
819 971 872 1011 ab
891 971 1046 1023 impetu
1065 979 1105 1012 et
1124 985 1241 1012 cursu
1262 972 1510 1013 tenebantur.
1556 972 1661 1014 Cum

1565 1019 1675 1035 d

320 1038 378 1079 ira
413 1039 466 1078 ab
503 1045 668 1089 accepta
706 1050 834 1089 nuper
869 1038 985 1077 clade
1023 1037 1264 1086 stimulabat,
1303 1045 1411 1102 Q
1428 1037 1664 1079 concitatior

285 1122 302 1153 3
320 1104 508 1145 accidens
537 1105 687 1144 clamor
709 1104 762 1143 ab
785 1103 1033 1144 increscente
1062 1103 1290 1145 certamine.
1348 1105 1501 1156 Vrgent
1529 1104 1663 1156 itaque

319 1170 387 1211 alii
406 1170 504 1210 alios
525 1171 813 1221 hortanturque
835 1169 1041 1222 signiferos
1062 1177 1106 1210 ut
1126 1169 1238 1210 ocius
1258 1177 1362 1210 eant.
1423 1171 1518 1221 Quo
1538 1170 1663 1223 magis

320 1236 553 1277 festinantes
579 1235 690 1276 uidet
717 1235 897 1284 dictator,
920 1249 970 1276 eo
995 1235 1215 1287 impensius
1244 1243 1413 1276 retentat
1443 1249 1587 1288 agmen
1616 1249 1663 1276 ac

281 1320 303 1353 4
321 1302 470 1343 sensim
509 1302 695 1343 incedere
733 1302 857 1342 iubet.
926 1302 1083 1342 Etrusci
1122 1310 1271 1351 contra,
1313 1302 1508 1354 principio
1547 1302 1663 1344 exciti

320 1381 488 1422 pugnae,
506 1369 693 1409 omnibus
714 1368 840 1420 copiis
859 1369 1025 1409 aderant
1038 1383 1051 1419 3
1078 1377 1118 1409 et
1139 1382 1256 1420 super
1275 1369 1374 1409 alios
1393 1369 1459 1409 alii
1478 1370 1663 1410 nuntiant

319 1434 504 1476 dictatori
520 1448 659 1475 omnes
680 1435 856 1487 legiones
874 1436 1134 1475 Etruscorum
1154 1435 1373 1487 capessisse
1393 1449 1567 1488 pugnam
1588 1449 1663 1476 nec

320 1502 400 1542 iam
420 1502 472 1542 ab
492 1501 571 1541 suis
592 1501 719 1541 resisti
739 1514 869 1553 posse,
891 1509 932 1541 et
952 1501 1037 1553 ipse
1065 1501 1190 1541 cernit
1218 1515 1266 1541 ex
1291 1501 1491 1554 superiore
1511 1503 1602 1542 loco
1622 1502 1662 1542 in

1710 1465 1722 1504 ..A
1711 1320 1722 1458 “nh—*dnussaaffl
1717 1305 1722 1310 t
1715 1255 1722 1282 ,Ᾰ-
1715 1229 1722 1246 „a
1717 1214 1722 1223 Δ

283 1580 300 1613 5
320 1575 472 1620 quanto
501 1566 729 1607 discrimine
758 1566 1001 1618 praesidium
1027 1575 1143 1607 esset.
1201 1567 1389 1608 Ceterum
1419 1567 1513 1608 satis
1542 1569 1663 1608 fretus
1707 1606 1711 1607 ⁷

320 1648 407 1675 esse
428 1633 547 1674 etiam
568 1647 677 1674 nunc
696 1635 906 1674 tolerando
926 1632 1131 1673 certamini
1152 1634 1327 1685 legatum
1355 1646 1430 1674 nec
1455 1647 1499 1693 se
1524 1635 1662 1686 procul
1683 1626 1687 1628 ἡ

319 1702 460 1741 abesse
480 1700 642 1753 periculi
663 1699 879 1749 uindicem,
896 1713 1018 1752 quam
1039 1699 1210 1740 maxime
1230 1701 1316 1740 uolt
1335 1699 1485 1752 fatigari
1505 1701 1661 1740 hostem

282 1773 302 1806 6
321 1775 365 1807 ut
385 1768 544 1819 integris
563 1765 763 1806 adoriatur
789 1765 939 1806 uiribus
967 1767 1102 1806 fessos.
1174 1767 1431 1817 Quamquam
1451 1767 1558 1806 lente
1577 1778 1664 1818 pro-

320 1835 480 1882 cedunt,
504 1834 582 1872 iam
608 1840 743 1872 tamen
770 1833 823 1873 ad
850 1832 1045 1884 impetum
1074 1831 1330 1884 capiundum,
1353 1831 1477 1883 equiti
1511 1831 1663 1883 utique,

320 1901 525 1940 modicum
553 1906 635 1939 erat
658 1898 842 1951 spatium.
902 1899 1034 1939 Prima
1054 1898 1294 1939 incedebant
1315 1897 1427 1950 signa
1446 1897 1658 1950 legionum,
1699 1936 1701 1938 ,

320 1979 371 2006 ne
392 1966 489 2017 quid
509 1966 713 2005 occultum
740 1974 808 2005 aut
837 1965 1087 2017 repentinum
1113 1963 1238 2004 hostis
1269 1963 1425 2004 timeret
1439 1978 1450 2013 ;
1479 1964 1549 2004 sed
1578 1962 1662 2003 reli·
1687 1978 1698 2022 'f

320 2040 457 2084 querat
478 2031 685 2072 interualla
704 2031 806 2072 inter
825 2033 985 2072 ordines
1005 2030 1198 2083 peditum,
1213 2043 1291 2082 qua
1311 2029 1405 2069 satis
1425 2030 1514 2070 laxo
1534 2029 1662 2081 spatio

283 2110 298 2142 7
321 2097 412 2149 equi
440 2097 613 2150 permitti
638 2106 813 2149 possent.
874 2098 1024 2137 Pariter
1052 2095 1209 2137 sustulit
1242 2097 1458 2136 clamorem
1487 2094 1592 2135 acies
1621 2102 1661 2135 et

321 2163 488 2203 emissus
515 2177 637 2215 eques
666 2163 791 2204 libero
817 2177 934 2203 cursu
955 2162 996 2202 in
1016 2164 1172 2202 hostem
1202 2161 1404 2202 inuehitur
1423 2160 1661 2213 incomposi-
1692 2193 1694 2198 ,

364 2273 387 2309 5
412 2278 432 2299 2
456 2268 505 2299 ira
528 2269 570 2299 ab
595 2267 882 2309 MUpOTDLA:
906 2267 956 2299 ira
979 2266 1045 2298 PF
1209 2278 1228 2306 4
1253 2266 1408 2307 legiones
1430 2264 1658 2298 MOTDLA:
1690 2266 1691 2269 ’

321 2313 481 2352 regiones
511 2312 628 2353 PFUp
797 2321 816 2351 5
849 2311 955 2343 fretus
986 2321 1063 2342 esse
1094 2309 1388 2342 MPFOTDLA:
1417 2319 1483 2342 om.
1514 2309 1566 2350 Up

320 2357 343 2387 6
365 2356 569 2396 capiundum
595 2356 655 2388 M:
688 2356 884 2396 capiendum
915 2353 1070 2386 TDLA:
1103 2355 1242 2395 capiunt
1267 2354 1346 2385 dum
1370 2352 1509 2395 PFUp:
1540 2352 1601 2392 des.
1629 2352 1660 2384 Ο

389 2400 497 2431 hostis
520 2401 654 2431 timeret
676 2399 849 2430 MTDLA
868 2409 876 2431 t
900 2399 988 2430 hosti
1011 2403 1159 2430 sumeret
1177 2397 1260 2429 PF:
1283 2397 1395 2429 hostis
1416 2401 1567 2429 sumeret
1586 2396 1656 2438 Up:

324 2449 435 2475 -neret
453 2443 483 2474 O
503 2444 578 2485 (def
596 2445 666 2482 (εἰ.)
824 2454 841 2484 7
867 2443 1134 2484 incompositisq.
1153 2441 1326 2473 MTDLA
1342 2452 1350 2473 ε
1375 2440 1656 2482 incompositusq.

326 2488 357 2519 O
374 2499 380 2518 :
406 2487 681 2528 incompositosq.
701 2486 831 2519 PFT22
854 2487 889 2519 in
907 2487 1180 2528 incompositosq.
1202 2486 1254 2527 Up
