1722 2748
519 148 591 184 AB
620 147 772 184 VRBE
803 145 1063 184 CONDITA
1273 142 1380 180 VIII
1402 141 1458 179 26
1483 155 1499 188 ,-

122 259 332 310 contigere,
355 259 580 310 prorogatio
604 257 759 309 imperii
784 271 865 297 non
891 264 984 296 ante
1010 258 1048 295 in
1077 258 1157 294 ullo
1178 257 1281 294 facta
1304 262 1343 294 et
1368 259 1459 292 acto

121 325 272 364 honore
292 324 526 376 triumphus.

178 389 300 429 Aliud
320 389 491 429 subinde
510 390 661 429 bellum
681 402 774 428 cum
792 387 952 427 alterius
972 401 1064 427 orae
1086 385 1247 426 Graecis
1267 392 1457 425 exortum.
1481 395 1530 434 27

123 456 310 506 Namque
329 454 535 494 Tarentini
555 469 646 494 cum
667 468 750 494 rem
768 452 1104 504 Palaepolitanam
1119 465 1222 491 uana
1242 464 1311 502 spe
1326 449 1459 489 auxilii
1483 463 1497 485 2

120 520 366 572 aliquamdiu
394 520 685 569 sustinuissent,
707 527 922 571 postquam
954 520 1161 558 Romanos
1185 517 1283 556 urbe
1313 517 1459 567 potitos

121 599 322 637 accepere,
344 587 454 626 uelut
483 585 662 625 destituti
681 599 729 625 ac
748 599 831 624 non
851 586 919 636 qui
938 583 1014 635 ipsi
1035 582 1316 631 destituissent,
1339 581 1461 621 inere-

122 665 215 703 pare
242 651 572 703 Palaepolitanos,
602 651 658 690 ira
681 658 801 702 atque
830 649 982 689 inuidia
1011 650 1050 688 in
1083 651 1288 688 Romanos
1321 649 1458 696 furere,

123 731 172 757 eo
195 717 315 757 etiam
340 719 451 769 quod
472 719 658 757 Lucanos
685 725 724 757 et
751 718 1054 768 Apulos—nam
1085 722 1252 766 utraque
1280 727 1329 754 eo
1353 726 1460 752 anno

122 783 289 824 societas
308 791 451 836 coepta
463 783 620 823 est—-in
637 784 758 823 fidem
778 782 916 835 populi
933 782 1106 822 Romani
1127 781 1282 820 uenisse
1297 782 1460 820 allatum

122 857 204 888 est:
234 848 383 900 quippe
403 850 697 903 propemodum
717 855 954 900 peruentum
975 849 1027 887 ad
1048 861 1090 887 se
1117 861 1203 886 esse
1232 846 1390 897 iamque
1419 846 1460 884 in
1482 860 1499 890 3

122 929 170 954 eo
190 929 273 954 rem
293 916 376 955 fore
403 923 446 955 ut
468 902 642 954 Romani
661 922 731 953 aut
749 915 884 954 hostes
911 921 979 952 aut
998 912 1152 953 domini
1173 911 1348 951 habendi
1366 911 1456 951 sint.

122 980 334 1020 discrimen
354 981 533 1032 profecto
553 994 682 1020 rerum
704 993 862 1018 suarum
882 977 923 1018 in
943 978 1050 1018 bello
1077 976 1313 1017 Samnitium
1342 990 1461 1016 euen-
1479 992 1499 1020 4

123 1054 246 1098 tuque
266 1047 350 1085 eius
370 1045 470 1085 uerti
485 1061 496 1094 3
524 1059 613 1085 eam
634 1047 760 1085 solam
780 1052 940 1096 gentem
961 1051 1106 1083 restare
1125 1057 1201 1082 nec
1220 1056 1307 1082 eam
1333 1041 1459 1093 ipsam

122 1110 214 1150 satis
248 1111 433 1159 ualidam,
468 1112 632 1162 quando
667 1113 852 1150 Lucanus
887 1109 1074 1150 defecerit
1091 1123 1102 1159 ς,
1132 1122 1251 1160 quem
1284 1109 1460 1148 reuocari
1480 1119 1496 1149 5

120 1178 253 1216 adhue
269 1176 498 1228 impellique
513 1178 565 1216 ad
580 1177 821 1216 abolendam
841 1175 1070 1215 societatem
1086 1177 1311 1225 Romanam
1327 1188 1457 1226 posse,

122 1241 151 1280 si
173 1256 252 1294 qua
270 1256 331 1281 ars
352 1242 529 1282 serendis
548 1241 756 1282 discordiis
775 1241 1021 1282 adhibeatur.

179 1309 295 1347 Haec
327 1307 492 1347 consilia
529 1320 621 1346 cum
659 1309 768 1359 apud
807 1308 975 1359 cupidos
1013 1321 1142 1347 rerum
1182 1308 1458 1347 nouandarum
1478 1319 1498 1350 6

122 1373 351 1422 ualuissent,
371 1387 419 1412 ex
442 1373 650 1412 iuuentute
677 1372 842 1424 quidam
867 1374 1121 1412 Lucanorum
1150 1372 1277 1424 pretio
1304 1372 1457 1421 adsciti,

122 1437 214 1478 clari
235 1437 360 1490 magis
386 1437 488 1478 inter
514 1440 725 1489 populares
752 1452 874 1489 quam
904 1438 1075 1486 honesti,
1097 1438 1199 1478 inter
1227 1451 1270 1478 se
1298 1439 1460 1478 mulcati

63 1503 66 1509 '
122 1503 195 1555 ipsi
217 1503 345 1555 uirgis,
374 1518 465 1543 cum
486 1517 652 1555 corpora
673 1505 782 1544 nuda
804 1503 1029 1543 intulissent
1049 1503 1088 1542 in
1109 1503 1257 1542 ciuium
1287 1511 1457 1552 coetum,

122 1568 326 1609 uociferati
347 1577 438 1608 sunt
459 1582 512 1617 se,
533 1569 644 1620 quod
664 1577 791 1608 castra
813 1570 999 1608 Romana
1021 1568 1173 1620 ingredi
1202 1567 1287 1608 ausi
1315 1576 1458 1616 essent,
1481 1582 1498 1617 7

122 1649 145 1673 a
164 1635 396 1674 consulibus
425 1634 543 1685 uirgis
570 1648 708 1674 caesos
738 1649 784 1674 ac
813 1648 936 1686 prope
968 1635 1093 1673 securi
1123 1647 1331 1685 percussos
1359 1647 1457 1673 esse.

126 1699 323 1740 Deformis
362 1707 501 1751 suapte
538 1707 678 1739 natura
708 1713 768 1740 res
803 1713 893 1739 cum
928 1699 1103 1755 speci-em
1142 1699 1304 1750 injuriae
1337 1698 1460 1750 magis
1480 1708 1498 1738 8

123 1778 242 1815 quam
265 1764 346 1804 doli
367 1778 461 1816 prae
482 1778 524 1804 se
545 1766 672 1814 ferret,
695 1764 885 1804 concitati
912 1763 1095 1804 homines
1123 1772 1269 1815 cogunt
1288 1766 1461 1804 clamore

123 1843 195 1869 suo
217 1831 467 1881 magistratus
488 1838 670 1869 senatum
691 1843 836 1869 uocare
853 1845 861 1878 ;
891 1837 930 1869 et
949 1829 1014 1868 alii
1042 1829 1341 1869 circumstantes
1370 1843 1462 1869 con·
1481 1844 1500 1875 9

123 1896 255 1933 cilium
277 1894 426 1934 bellum
448 1894 489 1933 in
512 1897 719 1934 Romanos
740 1903 923 1946 poscunt,
946 1894 1011 1933 alii
1039 1895 1097 1950 ad·
1116 1895 1394 1934 concitandam
1420 1895 1460 1934 in

123 1974 231 1999 arma
251 1961 546 1999 multitudinem
567 1960 781 2011 agrestium
803 1960 1040 2008 discurrunt,
1064 1962 1315 2011 tumultuque
1342 1960 1458 2000 etiam

124 2039 242 2065 sanos
261 2033 543 2065 consternante
561 2025 718 2065 animos
738 2027 966 2065 decernitur
991 2033 1034 2064 ut
1054 2024 1222 2064 societas
1242 2039 1333 2064 cum
1355 2027 1462 2065 Sam-

124 2090 273 2130 nitibus
292 2098 560 2139 renouaretur,
580 2090 778 2142 legatique
797 2092 849 2130 ad
875 2104 964 2130 eam
995 2103 1076 2129 rem
1108 2089 1325 2129 mittuntur.
1386 2092 1463 2130 Re·
1484 2103 1522 2125 10

170 2200 216 2235 27
239 2205 259 2233 4
282 2194 316 2225 in
339 2193 428 2225 bello
449 2194 650 2226 Samnitium
668 2200 864 2235 euentuque
884 2194 1090 2236 PFUpOT²
1110 2194 1163 2225 uel
1188 2192 1296 2225 T¹A:
1321 2193 1353 2224 in
1370 2194 1462 2226 bello

127 2237 319 2268 samnitium
338 2242 566 2276 euentumque
582 2237 720 2269 MTDL
738 2250 745 2270 ε
770 2239 801 2270 in
814 2238 903 2270 bellu
914 2237 1108 2269 samnitium
1121 2240 1314 2278 euentuque
1325 2236 1367 2268 H

126 2282 148 2311 6
171 2280 310 2312 mulcati
320 2279 548 2312 MPFOHT:
574 2282 705 2313 multati
727 2281 846 2323 UpDL
867 2282 919 2322 (cf
937 2293 959 2313 c.
981 2292 1032 2320 24.
1058 2281 1109 2321 15)
1128 2292 1135 2312 ε
1159 2281 1308 2312 mulctati
1324 2280 1373 2312 Α2
1392 2281 1467 2324 (qui

128 2324 316 2355 clausulam
342 2327 446 2355 totam
471 2335 514 2355 ex
539 2324 714 2356 iuuentute
732 2349 739 2356 .
761 2351 768 2358 .
787 2349 795 2356 .
815 2325 1010 2357 intulissent
1026 2324 1204 2366 suppleuit)
1352 2336 1374 2365 9
1390 2326 1462 2356 mit-

130 2372 245 2398 tuntur
255 2367 330 2398 HT
345 2371 382 2398 ut
391 2367 534 2407 uidetur)
546 2367 611 2398 LA
618 2368 688 2399 ¹Rn
701 2379 709 2400 :
730 2369 948 2400 remittuntur
955 2367 1024 2400 DA
1034 2379 1042 2400 ε
1059 2368 1235 2399 mittantur
1245 2367 1396 2409 PFUpO
1405 2368 1463 2399 T2:

129 2411 326 2442 mitteantur
340 2410 400 2442 M:
423 2411 641 2443 mitterentur
657 2411 778 2453 Frigell
