1722 2748
557 187 562 191 ’
595 213 921 253 PRAEFATIO

92 327 298 369 codicibus
327 328 392 368 uel
412 325 570 367 familiis
590 325 775 366 codicum
792 341 800 366 z
829 340 861 365 e.
878 339 912 376 g.
934 326 1126 377 quidquid
1141 326 1221 378 ῥύετ’
1230 325 1430 376 fuerimus

93 394 147 447 (7.
170 409 231 445 30.
258 395 315 442 18,
345 393 415 433 litt.
442 393 508 446 xx)
531 392 583 432 ab
612 393 671 431 M
689 390 861 441 omissa3
890 392 1045 444 proelia
1076 422 1085 432 .
1116 422 1125 431 .
1156 422 1164 432 .
1183 391 1429 442 feminarum

92 459 172 513 (10.
199 461 261 498 28.
283 473 322 507 4,
344 459 415 498 litt.
441 460 504 507 liv,
534 459 557 497 i.
570 472 604 498 e.
635 456 763 498 lineae
790 457 847 509 iii)
868 457 920 496 ab
939 459 1107 508 PFUp3
1135 458 1309 508 imposito
1338 488 1345 496 .
1379 487 1387 496 .
1420 486 1427 495 .

92 527 259 564 Romam
279 523 335 577 (9.
360 538 420 573 24.
449 539 509 573 14,
530 525 603 565 litt.
624 523 748 571 xxxvi,
770 522 795 563 i.
810 537 845 566 e.
867 524 994 563 lineae
1015 522 1060 576 ii)
1079 523 1131 563 ab
1149 525 1291 563 DLA.-

145 591 164 640 §
185 604 248 639 44.
279 589 320 629 Si
340 588 455 640 igitur
481 603 584 640 quae
609 590 660 628 de
686 602 852 628 nurnero
879 588 1094 628 litterarum
1122 588 1162 628 in
1189 601 1431 639 unaquaque

94 657 195 695 linea
217 655 295 694 iam
314 653 432 694 statui
453 668 546 694 uera
565 661 669 702 sunt,
690 661 775 693 tum
797 653 955 693 uidetur
974 653 1056 693 ueri
1083 652 1211 693 simile
1237 653 1278 692 in
1299 652 1431 694 uerbis

94 719 134 759 in
158 735 217 759 10.
245 734 304 769 14.
327 722 435 759 6-10
458 720 612 759 adoriri
638 750 647 759 .
678 749 687 759 .
719 750 728 759 .
759 720 834 757 loco
860 719 1009 757 moueri
1027 718 1079 757 ab
1102 720 1244 769 Pfiojp
1274 716 1430 757 omissis

92 787 255 825 alteram
300 784 503 836 archetypi
550 797 688 824 eorum
734 783 902 835 paginae
939 784 1169 822 columnam
1217 782 1378 834 periisse
1396 781 1404 801 ¹
1423 797 1434 831 3

94 857 279 890 constant
290 850 398 889 enirn
418 863 465 889 ex
486 849 623 888 litteris
643 861 770 900 paene
791 847 910 894 Dxxii,
938 862 992 888 sc.
1017 848 1105 887 xxix
1125 848 1239 888 lineis
1260 847 1350 887 xviii
1370 847 1432 887 lit-

95 923 275 963 terarum,
290 928 534 966 quamquam
554 922 660 954 certe
685 927 769 953 non
794 915 962 953 adfirmo
982 927 1192 953 numerum
1217 913 1431 953 litterarum

95 980 135 1020 in
150 988 210 1020 tot
222 979 337 1020 lineis
356 993 554 1031 nusquam
574 979 769 1019 uariatum
788 992 886 1019 esse.
930 981 1085 1019 Tamen
1105 993 1177 1031 pro
1193 987 1302 1019 certo
1320 979 1434 1019 adfir-

97 1044 194 1084 mari
226 1052 358 1097 potest
385 1045 586 1096 exemplar
599 1057 815 1083 commune
846 1051 1069 1084 nostrorum
1091 1046 1278 1084 codicum
1307 1045 1434 1084 forma

96 1113 214 1151 fuisse
235 1110 354 1150 simili
371 1124 420 1150 ac
439 1112 711 1150 Veronensem
736 1116 775 1148 et
798 1111 1019 1149 Puteanum
1044 1117 1083 1150 et
1103 1112 1396 1150 Vatassianum.

152 1179 268 1216 Haec
286 1178 338 1216 de
357 1175 561 1215 communi
582 1175 763 1215 omnium
783 1182 1008 1214 nostrorum
1029 1182 1191 1227 parente
1212 1175 1296 1227 ipse
1316 1175 1434 1214 statui

97 1255 213 1294 posse
242 1241 480 1282 conuincor:
509 1239 597 1281 aliis
623 1253 742 1280 curae
768 1239 846 1279 sint
872 1241 924 1280 de
947 1239 1260 1292 uniuscuiusque
1285 1241 1435 1293 origine

98 1307 382 1360 inquisitiones.

152 1375 171 1425 ξ
191 1387 253 1425 45.
288 1375 379 1413 Hac
398 1372 550 1413 ratione
570 1374 689 1412 fretus
710 1374 869 1425 qualem
889 1374 1057 1413 formam
1078 1373 1118 1413 in
1134 1375 1338 1413 communi
1361 1375 1435 1413 hoc

97 1438 309 1490 exemplari
330 1438 406 1478 loci
426 1438 578 1490 aliquot
602 1438 812 1478 habuerint
838 1447 1132 1490 repraesentare
1158 1439 1236 1479 iam
1261 1440 1436 1479 conabor

98 1513 136 1544 et
158 1504 251 1544 inde
270 1504 403 1556 qualia
428 1504 552 1544 nostri
578 1506 643 1544 uel
669 1518 807 1544 eorum
834 1519 1118 1557 praecursores,
1145 1513 1187 1545 ut
1211 1507 1264 1545 ita
1291 1505 1434 1554 dicam,

99 1569 364 1610 describenda
382 1570 604 1609 habuerint.

151 1635 211 1688 (a)
232 1636 364 1674 Locus
389 1647 508 1685 quem
538 1634 707 1686 primum
738 1634 839 1686 elegi
868 1634 1035 1686 simplex
1064 1643 1122 1674 est
1151 1635 1204 1687 (9.
1234 1638 1296 1683 46.
1331 1635 1435 1686 7—9)‚

99 1701 168 1740 sed
189 1699 341 1739 scribae
367 1701 419 1739 ad
449 1700 566 1739 finem
590 1698 720 1750 operis
744 1699 1109 1751 adpropinquantes
1138 1700 1215 1739 iam
1244 1700 1335 1740 satis
1357 1701 1438 1740 fati-

100 1766 177 1817 gati
199 1773 308 1805 erant
325 1781 388 1804 :—

585 1832 759 1868 TEMPLN'J

212 1907 770 1941 DEDOEAREITAQAEXAUCTOR

214 1962 771 2000 1TATESENAT’LATVMADPOP

212 2029 732 2071 VLVMESTNEQWSTEMPLV

212 2103 664 2131 ARAMVfflvassusssNA

213 2169 650 2196 'rvsAv‘rTRiBVNORvM

861 1941 939 1967 om.
962 1929 1106 1979 PFUp
1125 1936 1164 1967 et
1185 1930 1350 1969 sortasse

892 1992 1066 2033 Medicei
1088 2007 1228 2045 parens

149 2275 161 2297 ¹
187 2276 349 2317 Paginam
375 2277 590 2319 exemplaris,
609 2283 646 2309 ut
670 2278 734 2310 iam
759 2279 889 2319 pridem
914 2279 1070 2319 cognom,
1090 2279 1202 2310 amisit
1222 2279 1296 2311 Put.
1323 2279 1364 2310 ad
1388 2288 1442 2319 27.

107 2339 135 2361 2.
157 2339 218 2368 115
242 2330 303 2362 sed
319 2330 474 2370 paginam
492 2329 655 2361 linearum
674 2340 813 2362 numero
830 2330 998 2371 plurium;
1023 2341 1099 2362 nam
1122 2331 1176 2362 hic
1200 2332 1344 2363 omissae
1366 2334 1444 2362 sunt

107 2381 238 2412 litterae
257 2391 351 2413 mcxx
369 2382 426 2414 i.e.
444 2382 528 2413 xxxi
546 2382 617 2423 (uel
634 2383 720 2424 xxx)
738 2382 858 2424 lineae,
871 2383 958 2414 duae
971 2383 1158 2415 columnae.
1195 2382 1302 2415 Etiam
1313 2382 1444 2424 parenti

109 2433 283 2474 Spirensis
306 2432 416 2464 lineae
440 2434 519 2465 xviii
544 2434 730 2466 litterarum
755 2440 859 2467 erant.
913 2435 982 2467 Iam
1007 2435 1117 2467 eidem
1143 2436 1189 2467 rei
1215 2437 1361 2468 studium
1387 2435 1444 2466 dat

108 2496 175 2517 non
193 2485 373 2517 infeliciter
390 2485 474 2518 otto
494 2486 668 2518 Rossbach
688 2486 789 2528 (Berl.
811 2486 897 2520 Pln'l.
917 2487 1034 2528 Woch.,
1055 2487 1130 2519 Oct.
1150 2489 1261 2529 1916).

162 2553 240 2576 inm
739 2542 814 2584 xvii
1289 2543 1315 2586 b
