1722 2748
224 118 330 156 VIII
353 125 398 165 15
420 125 438 155 8
835 119 957 156 ΤΙΤΙ
990 117 1109 155 LIVI

308 231 508 271 abstinere
524 232 795 282 familiamque
816 230 856 269 in
878 238 1074 281 potestate
1089 230 1247 278 habere,
1267 231 1372 270 facto
1390 229 1542 270 iudicio
1557 229 1650 270 uiua

309 297 385 336 sub
405 304 548 336 terram
567 298 619 336 ad
640 303 794 348 portam
813 295 1012 337 Collinam
1033 297 1171 335 dextra
1189 294 1296 335 uiam
1316 303 1479 335 stratam
1492 296 1650 336 defossa

309 364 510 402 Scelerato
544 376 715 414 campo3
756 363 877 402 credo
911 362 963 401 ab
1008 360 1161 401 incesto
1206 362 1249 401 id
1289 361 1326 401 ei
1369 363 1460 402 loco
1500 375 1650 402 nomen

308 418 470 457 factum.

270 494 290 524 9
366 484 520 523 Eodem
543 496 651 523 anno
672 484 722 533 Q.
747 481 941 522 Publilius
964 481 1079 522 Philo
1098 489 1255 534 praetor
1273 481 1446 534 primum
1466 482 1518 522 de
1533 481 1652 534 plebe

309 550 546 589 aduersante
576 549 752 600 Sulpicio
781 550 957 597 consule,
980 548 1048 600 qui
1078 549 1248 599 negabat
1277 547 1469 588 rationem
1495 547 1581 588 eius
1609 561 1652 587 se

310 614 550 662 habiturum,
575 623 632 654 est
665 616 791 654 sactus
824 622 974 663 senatu,
1004 627 1094 653 cum
1131 613 1171 652 in
1203 613 1368 653 summis
1403 613 1577 665 imperiis
1610 612 1652 653 id

311 694 392 719 non
415 679 663 727 obtinuisset,
686 681 818 719 minus
838 679 878 726 in
900 687 1081 730 praetura
1100 680 1302 719 tendente.

243 746 291 786 16
367 747 590 796 Insequens
618 758 759 793 annus,
784 746 827 783 L.
851 743 1010 796 Papirio
1039 745 1184 784 Crasso
1217 745 1267 783 K.
1302 743 1454 784 Duillio
1483 745 1653 784 consuli-

312 810 397 857 bus,
421 812 630 850 Ausonum
654 811 777 861 magis
806 823 914 849 nouo
936 823 1230 865 quamlmagno
1255 810 1361 850 bello
1381 809 1454 850 fuit
1474 809 1650 862 insignis.

274 884 288 906 ²
312 877 371 914 Ea
401 889 499 927 gens
527 877 644 916 Cales
677 875 815 915 urbem
851 874 1076 924 incolebat3
1120 874 1304 915 Sidicinis
1336 875 1514 915 finitimis
1543 888 1654 914 arma

271 953 289 983 3
309 941 568 981 coniunxerat
586 955 596 990 ;
624 954 787 992 unoque
806 940 958 992 proelio
979 941 1086 980 haud
1107 953 1202 979 sane
1219 939 1466 980 memorabili
1481 941 1652 981 duorum

310 1008 548 1058 populorum
589 1005 781 1046 exercitus
821 1007 941 1054 fusus,
987 1004 1282 1057 propinquitate
1319 1006 1478 1045 urbium
1516 1013 1556 1045 et
1601 1006 1654 1045 ad

309 1075 441 1125 fugam
463 1072 623 1124 pronior
643 1080 682 1113 et
702 1072 742 1111 in
763 1073 855 1124 fuga
874 1071 960 1123 ipsa
981 1073 1101 1111 tutior
1120 1072 1203 1111 suit.
1246 1073 1333 1112 Nec
1354 1081 1486 1112 tamen
1507 1071 1655 1112 omissa

310 1138 394 1178 eius
424 1139 516 1178 belli
547 1152 640 1177 cura
665 1138 852 1189 patribus,
877 1137 970 1188 quia
1001 1137 1146 1177 totiens
1181 1137 1257 1177 iam
1291 1137 1455 1178 Sidicini
1487 1146 1554 1178 aut
1579 1137 1653 1190 ipsi

310 1212 518 1244 mouerant
538 1204 688 1244 belluni
702 1211 770 1243 aut
785 1203 1041 1242 mouentibus
1055 1203 1242 1242 auxilium
1266 1204 1436 1243 tulerant
1455 1211 1523 1243 aut
1535 1217 1654 1244 causa

271 1283 287 1313 4
310 1284 507 1311 armorum
531 1271 694 1310 fuerant.
739 1272 881 1322 Itaque
894 1269 1004 1310 omni
1027 1283 1103 1321 ope
1119 1270 1247 1310 adnisi
1262 1279 1364 1319 sunt,
1382 1277 1424 1310 ut
1437 1270 1653 1311 maximum

310 1351 356 1376 ea
377 1344 612 1388 tempestate
634 1336 912 1388 imperatorem
935 1337 993 1375 M.
1017 1336 1219 1375 Valerium
1249 1338 1427 1377 Coruum
1447 1338 1653 1376 consulem
1698 1371 1702 1373 i

272 1411 288 1441 :3
310 1411 493 1454 quartum
509 1404 681 1442 facerent
688 1416 699 1450 ;
722 1403 874 1454 collega
894 1403 1054 1442 additus
1069 1403 1204 1443 Coruo
1219 1403 1276 1441 M.
1297 1401 1442 1442 Atilius
1463 1403 1655 1454 Regulus,-

310 1476 349 1508 et
376 1481 428 1508 ne
457 1470 556 1508 forte
584 1481 678 1508 casu
709 1475 909 1516 erraretur,
937 1467 1105 1519 petitum
1135 1468 1187 1507 ab
1216 1467 1447 1507 consulibus
1475 1475 1519 1507 ut
1547 1475 1655 1508 extra

272 1536 291 1567 6
311 1542 457 1574 sortem
480 1534 600 1575 Corui
623 1547 669 1574 ea
689 1533 895 1585 prouincia
915 1542 1029 1574 esset.
1074 1533 1260 1574 Exercitu
1281 1532 1467 1574 uictorea
1482 1533 1655 1585 superio-

310 1601 420 1640 ribus
442 1601 673 1640 consulibus
694 1607 861 1651 accepto
882 1601 934 1639 ad
955 1601 1083 1649 Cales,
1107 1600 1215 1639 unde
1236 1599 1385 1639 bellum
1407 1605 1536 1639 ortum
1559 1607 1651 1648 erat,

311 1668 521 1718 profectus,
545 1680 638 1706 cum
669 1667 804 1706 hostes
838 1666 890 1705 ab
925 1665 1135 1718 superioris
1166 1665 1285 1705 etiam
1320 1664 1545 1705 certaminis
1577 1679 1655 1706 me-

353 1773 374 1803 8
398 1772 518 1803 dextra
543 1771 631 1802 uiam
650 1770 900 1811 MPFOH(sed
914 1771 1024 1811 detra)
1034 1769 1174 1809 TDLA,
1199 1773 1285 1807 recte,
1311 1768 1350 1810 cf
1378 1768 1480 1802 Gron.
1502 1773 1534 1801 et
1552 1767 1599 1801 H.
1613 1769 1651 1809 J.

310 1815 447 1847 Mueller
465 1815 513 1847 ad
534 1815 602 1854 loc„
623 1814 709 1847 Sall.
725 1814 802 1856 lug.
822 1824 871 1847 11.
890 1825 922 1855 3,
944 1815 1061 1846 Aeltus
1080 1814 1198 1846 Gallus
1213 1814 1247 1844 in
1267 1813 1346 1845 Gall.
1363 1814 1412 1846 16.
1432 1822 1461 1852 5.
1481 1823 1512 1852 3,
1530 1812 1606 1844 Vitr.
1625 1823 1652 1845 1.

309 1861 339 1892 6.
358 1870 398 1891 10
410 1863 438 1890 et
447 1860 490 1891 al.
508 1870 515 1890 ε
541 1860 664 1890 dextra
684 1859 760 1890 uiae
777 1858 830 1890 M⁴
844 1870 851 1890 ι
877 1859 997 1890 dextra
1013 1858 1067 1889 uia
1077 1858 1274 1899 Arperras.
1287 1857 1361 1889 dett.
1376 1857 1455 1898 aliq.-
1467 1856 1555 1889 Edd.
1570 1859 1632 1888 uel.
1646 1868 1654 1888 ς

311 1908 410 1935 extra
427 1904 514 1934 uiam
533 1902 585 1944 Up
603 1902 716 1934 Madv.
733 1914 739 1934 :
766 1902 861 1934 iuxta
886 1903 974 1934 uiam
996 1902 1171 1934 Weissenb.
1307 1905 1448 1933 stratam
1465 1899 1656 1942 MPFUpo
1720 1926 1722 1930 Α

315 1946 414 1977 T'2A2
432 1947 484 1978 uel
497 1946 547 1977 Α8
562 1957 570 1977 :
595 1951 716 1978 statam
735 1945 776 1977 H
782 1946 910 1978 TDLA
1031 1957 1052 1986 9
1077 1945 1239 1977 Publilius
1257 1945 1444 1977 Glareanus
1461 1944 1522 1986 (sic
1530 1955 1556 1977 c.
1571 1953 1621 1976 12.
1634 1953 1654 1984 5

310 1990 483 2032 Sigonius)
500 2002 507 2022 :
531 1990 669 2030 publius
689 1989 1064 2031 MPFUpOHTDLA,
1081 2000 1127 2021 suc
1141 1999 1267 2030 quoque
1282 1989 1318 2020 in
1335 2000 1359 2021 c.
1381 1990 1428 2021 16.
1445 1998 1496 2027 12,
1512 1999 1539 2020 c.
1554 1998 1607 2028 23.
1623 1998 1652 2027 1,

310 2039 340 2065 et
347 2034 420 2074 fire
438 2040 568 2075 semper
587 2033 660 2074 (sed
679 2034 819 2075 publilio
840 2035 874 2065 in
891 2044 914 2066 c.
936 2044 989 2065 22.
1008 2035 1029 2064 8
1048 2033 1218 2064 F³H1TD
1238 2035 1270 2064 et
1290 2035 1325 2065 in
1340 2043 1364 2064 c.
1388 2042 1441 2064 22.
1466 2042 1489 2073 9
1509 2031 1577 2063 PF
1585 2037 1593 2064 i
1617 2035 1656 2063 ut

311 2079 371 2109 uix
395 2089 509 2110 necess.
540 2077 698 2110 uideatur
719 2077 758 2110 de
780 2078 843 2110 hac
864 2088 896 2109 re
914 2077 1015 2119 plura
1039 2077 1168 2108 scribere
1330 2076 1474 2116 primum
1499 2074 1656 2117 MPFUp
1721 2091 1722 2094 =

312 2121 514 2153 OHTDLA
532 2121 647 2153 Madv.
665 2122 833 2163 probante,
854 2121 892 2162 cs
913 2123 943 2152 8.
961 2121 1012 2152 26.
1029 2131 1046 2159 7
1061 2131 1069 2152 τ
1094 2121 1221 2161 primus
1233 2119 1357 2158 Duker,
1370 2120 1408 2160 ej.
1421 2121 1453 2151 6.
1469 2129 1517 2151 11.
1533 2129 1551 2159 7
1565 2129 1574 2158 3
1602 2129 1652 2152 10.

309 2167 338 2197 8.
358 2167 378 2196 8
490 2166 522 2196 in
542 2171 702 2206 praetura
719 2166 882 2197 tendente
895 2164 1066 2196 HTDLA
1081 2176 1088 2196 :
1115 2165 1147 2195 in
1162 2168 1321 2204 praetura
1334 2164 1535 2195 intendente
1550 2160 1653 2195 01⁸²:

310 2214 471 2248 praetura
489 2210 690 2240 intendente
703 2208 837 2249 PFUp:
862 2209 893 2240 in
913 2213 1073 2249 praetura
1088 2208 1266 2239 intendere
1286 2206 1376 2238 MA²
1391 2206 1473 2239 Lov.
1493 2216 1513 2245 4

354 2251 398 2284 16
428 2263 439 2283 1
471 2253 597 2284 Duillio
624 2251 969 2292 MPFOHTDL(uel
985 2251 1176 2291 diullio)A:
1205 2250 1309 2282 duilio
1330 2250 1403 2291 Up:
1429 2249 1556 2282 duellio
1577 2248 1654 2288 M³,-

309 2297 348 2337 cs.
366 2307 396 2327 2.
414 2298 466 2337 58.
491 2307 511 2327 2
533 2295 611 2327 adn.
769 2307 800 2336 4,
827 2305 847 2335 5
871 2305 965 2326 coru·
990 2294 1129 2326 MPFH
1135 2293 1263 2325 TDLA
1283 2305 1291 2326 ε
1314 2294 1448 2326 coruin-
1476 2292 1562 2335 Upo
1585 2293 1658 2334 (sed

310 2341 428 2372 corino
448 2340 493 2380 O)
515 2339 576 2381 (M.
604 2339 762 2372 Valerius
780 2340 951 2372 Coruinus
971 2339 1005 2370 in
1022 2349 1129 2380 marg.
1150 2339 1279 2380 sempsit
1295 2336 1431 2370 Medicei
1447 2337 1652 2379 adnotator),

313 2383 382 2417 uid.
403 2394 430 2424 7.
450 2393 501 2423 32.
525 2392 564 2423 15
578 2383 658 2415 adn.
1610 2394 1611 2397 ¹
