1722 2748
458 121 530 158 AB
561 120 712 157 VRBE
743 118 1005 159 CONDITA
1123 90 1125 92 ¹
1204 118 1312 156 vm
1334 126 1387 165 24
1407 123 1426 154 8

52 238 143 270 sunt
163 239 362 282 pactoque
388 230 518 270 reditu
546 229 784 282 promissum
813 237 873 269 est
902 243 1033 281 regem
1061 237 1130 268 aut
1159 228 1297 268 uiuum
1320 234 1388 268 aut

52 303 252 336 mortuum
286 296 328 336 in
361 304 600 348 potestatem
631 297 803 335 daturos.
875 295 1063 336 Ceterum
1095 308 1185 334 cum
1222 293 1387 333 delectis
1406 304 1425 335 9

51 360 135 413 ipse
155 363 355 414 egregium
374 361 528 401 facinus
555 375 676 401 ausus
705 374 774 413 per
802 359 956 401 medios
985 359 1155 411 erumpit
1184 361 1298 399 hoste
1347 366 1388 399 et

0 425 1 451 i
51 428 197 468 ducem
217 429 471 467 Lucanorum
492 426 717 468 comminus
746 440 1002 478 congressum
1030 426 1242 465 obtruncat
1255 374 1388 488 ςίζὲη-
1410 416 1450 465 ro

51 494 291 545 trahensque
311 506 403 533 suos
423 507 472 533 ex
490 495 582 544 fuga
606 494 758 544 palatos
787 492 970 543 peruenit
997 493 1049 531 ad
1077 505 1238 531 amnem
1264 490 1388 531 ruinis

51 559 276 599 recentibus
310 559 456 610 pontis,
478 573 599 610 quem
631 558 692 598 uis
724 572 853 610 aquae
883 558 1111 606 abstulerat,
1142 557 1386 597 indicantem

51 624 135 665 iter.
193 627 325 675 Quem
346 639 438 665 cum
458 625 609 665 incerto
630 626 736 664 uado
756 625 935 663 transiret
954 637 1106 674 agmen,
1131 624 1256 663 fessus
1278 631 1386 663 metu
1409 637 1445 660 11

49 704 96 730 ac
124 691 259 730 labore
288 691 411 739 miles,
434 690 643 742 increpans
673 703 823 730 nomen
851 688 1167 729 abominandum
1196 689 1384 738 fluminis,

53 755 157 795 ‘iure
177 757 356 796 Acheros
382 757 560 796 uocaris'
580 755 721 807 inquit.
780 755 903 805 Quod
928 754 997 794 ubi
1021 755 1072 794 ad
1100 769 1213 794 aures
1240 755 1388 795 accidit

8 871 10 878 k
50 820 161 872 regis,
182 820 327 860 adiecit
347 823 547 873 extemplo
558 821 739 861 animum
761 820 850 859 fatis
870 819 951 860 suis
971 820 1225 871 substititque
1241 820 1387 860 dubius

8 923 17 938 ,.
49 899 101 925 an
120 885 310 926 transiret.
369 889 474 926 Tum
495 887 681 935 Sotimus,
703 886 882 926 minister
907 900 955 925 ex
984 886 1097 938 regiis
1127 886 1267 938 pueris,
1291 886 1388 938 quid
1412 900 1446 923 12

49 951 90 991 in
111 960 222 992 tanto
242 951 468 992 discrimine
493 952 656 1004 periculi
683 959 933 993 cunctaretur
962 951 1206 1004 interrogans
1234 952 1386 992 indicat

50 1017 235 1058 Lucanos
267 1017 420 1058 insidiis
453 1032 642 1069 quaerere
669 1019 815 1058 locum.
860 999 989 1073 [Quos
1023 1018 1092 1057 ubi
1122 1017 1291 1070 respexit
1322 1032 1388 1057 rex
1411 1033 1448 1065 13

50 1084 186 1134 procul
205 1097 322 1135 grege
338 1085 443 1123 facto
463 1083 680 1132 uenientes,
696 1084 849 1135 stringit
868 1084 1042 1135 gladium
1060 1093 1099 1124 et
1120 1098 1189 1136 per
1208 1084 1386 1124 medium

49 1161 209 1188 amnem
249 1147 476 1187 transmittit
514 1163 662 1199 equum
680 1163 692 1198 3
733 1149 893 1200 iamque
924 1149 966 1188 in
1003 1151 1152 1189 uadum
1186 1163 1386 1201 egressum

50 1213 206 1253 eminus
226 1222 366 1254 ueruto
387 1216 573 1254 Lucanus
592 1216 703 1254 exsul
723 1215 925 1267 transfigit.
987 1217 1159 1267 Lapsum
1181 1215 1275 1255 inde
1293 1229 1386 1255 cum
1410 1229 1448 1261 14

50 1277 280 1319 inhaerente
310 1281 391 1319 telo
424 1293 568 1330 corpus
599 1279 781 1320 exanime
811 1280 954 1320 detulit
986 1281 1114 1320 amnis
1143 1280 1184 1320 in
1210 1278 1386 1320 hostium

50 1336 286 1402 praesidia]
325 1345 389 1384 Ibi
424 1347 541 1385 foeda
575 1346 761 1386 laceratio
800 1346 975 1397 corporis
1014 1348 1127 1386 facta.
1202 1348 1387 1398 Namque

51 1410 229 1461 praeciso
249 1410 384 1450 medio
397 1419 549 1461 partem
565 1411 826 1452 Consentiam
843 1411 994 1459 misere,
1013 1425 1102 1462 pars
1122 1410 1216 1463 ipsis
1237 1418 1389 1451 retenta

50 1475 103 1514 ad
122 1474 337 1515 ludibrium
350 1491 361 1525 ,-
379 1490 483 1527 quae
498 1490 589 1516 cum
612 1476 749 1516 iaculis
765 1476 947 1528 saxisque
958 1478 1096 1528 procul
1116 1476 1385 1524 incesseretur,
1410 1492 1448 1524 15

52 1539 191 1579 mulier
210 1554 290 1579 una
304 1543 405 1580 ultra
424 1542 688 1580 humanarum
708 1541 854 1580 irarum
883 1542 1005 1580 fidem
1031 1541 1223 1581 saeuienti
1251 1540 1390 1580 turbae

51 1604 238 1653 immixta,
259 1613 303 1645 ut
331 1620 543 1658 parumper
571 1606 812 1646 sustinerent
846 1614 1014 1658 precata,
1047 1607 1144 1646 flens
1173 1606 1227 1645 ait
1259 1605 1387 1645 uirum

51 1669 125 1709 sibi
158 1670 383 1722 liberosque
417 1679 554 1722 captos
587 1673 695 1724 apud
726 1673 862 1711 hostes
894 1685 1008 1720 esse3
1037 1685 1191 1723 sperare
1222 1684 1391 1722 corpore

52 1734 158 1786 regio
196 1744 413 1789 utcumque
448 1739 624 1776 mulcato
655 1751 697 1776 se
729 1751 822 1776 suos
858 1729 1162 1788 redem'pturam.
1222 1738 1262 1775 Is
1302 1737 1391 1775 finis
1413 1736 1452 1768 16

13 1848 74 1879 213¹
93 1850 119 1881 9
139 1831 362 1881 dongressum
378 1825 590 1873 MHTDLA
606 1832 616 1875 ¹:
635 1823 849 1883 ‘corigressus
866 1825 998 1883 PFUp:
1018 1828 1079 1881 iqu.
1107 1842 1137 1873 O
1157 1852 1164 1872 :
1188 1851 1391 1880 congressus

51 1894 271 1924 congressum
290 1884 368 1917 Lov.
383 1895 403 1924 4
519 1896 559 1917 10
582 1886 793 1918 indicantem
811 1885 915 1917 MPF
916 1885 1008 1925 UpH
1014 1884 1142 1916 TDLA
1160 1896 1168 1916 ε
1188 1885 1248 1925 des.
1267 1884 1313 1916 O:
1340 1885 1391 1915 in-

51 1927 222 1959 cidentem
253 1928 419 1960 Ruhnken
433 1940 443 1960 :
480 1929 708 1969 denegantem
739 1929 774 1961 T.
805 1929 913 1960 Faber
924 1940 938 1966 ,·
972 1929 1092 1969 quibus
1118 1932 1243 1969 quanto
1276 1928 1393 1959 melius

60 1970 92 2002 T.
112 1971 233 2003 Liuius
411 1983 447 2003 11
473 1972 629 2005 Acheros
653 1973 759 2004 MPF
758 1973 885 2015 UpOH
889 1971 1019 2003 TDLA
1039 1971 1112 2012 <scd
1134 1972 1167 2002 in
1187 1972 1218 2002 O
1235 1972 1291 2002 litt.
1311 1983 1331 2002 0
1348 1976 1393 2003 est

43 2015 182 2055 formae
196 2015 383 2051 musitante)
400 2026 407 2046 :
431 2016 601 2048 acherons
619 2016 698 2049 Lov.
717 2028 737 2048 2
754 2021 785 2048 et
797 2028 818 2056 4
946 2027 984 2047 12
1011 2015 1161 2048 Sotimus
1176 2014 1241 2046 PF
1243 2014 1326 2056 Upo
1334 2014 1392 2045 TD

52 2056 117 2088 LA
140 2058 291 2090 Gelenius
305 2070 320 2090 e
335 2058 403 2090 cdd.
419 2060 439 2090 ἲ
456 2071 464 2091 :
488 2060 657 2100 postimus
671 2059 763 2091 MA²
781 2060 834 2092 uel
848 2058 899 2090 Α3
919 2059 974 2099 (ut
994 2058 1173 2091 secundum
1189 2058 1363 2096 lectzbnem)
1384 2068 1392 2089 ε

52 2111 191 2132 senmus
205 2101 247 2133 H
400 2112 438 2143 13
462 2114 547 2143 quos
562 2103 614 2134 Α2
630 2104 685 2135 uel
697 2104 746 2135 Α3
762 2104 810 2136 ed.
832 2103 914 2135 Par.
931 2113 1015 2143 1513
1031 2114 1038 2134 :
1062 2103 1149 2143 quod
1168 2101 1394 2142 MPFUpOH

59 2143 185 2176 TDLA
341 2156 379 2185 14
405 2146 437 2177 in
471 2146 620 2178 hostium
650 2146 977 2188 PFUpOHTDLA
997 2158 1005 2177 t
1045 2146 1193 2177 hostium
1225 2143 1267 2175 M

57 2197 95 2228 15
118 2188 241 2219 irarum
267 2189 367 2220 fidem
384 2189 615 2231 MPFUpOH
619 2189 745 2222 TDLA
764 2202 773 2223 ε
806 2191 931 2222 irarum
950 2191 1053 2221 finem
1073 2189 1175 2220 Gron.
1194 2187 1388 2227 dubitanter,

52 2231 90 2272 cf
108 2242 138 2271 4.
156 2233 209 2272 58.
233 2242 246 2262 1
266 2231 343 2263 adn.
358 2244 365 2263 ι
395 2243 508 2264 rerum
526 2234 627 2264 fidem
644 2234 726 2266 Lov.
748 2244 768 2273 4
859 2234 1006 2265 mulcato
1023 2230 1239 2263 PFOHTA2
1253 2231 1306 2262 uel
1316 2230 1366 2261 Α3
1385 2243 1392 2263 :

53 2275 195 2307 multato
215 2274 370 2316 UpDLA
385 2286 392 2307 :
420 2277 567 2308 mulcato
583 2288 628 2308 an
652 2278 793 2309 multato
810 2277 952 2309 uoluerit
965 2277 1008 2307 M
1028 2286 1095 2306 non
1119 2274 1392 2314 affirnmuerim:

54 2328 109 2348 nec
122 2319 210 2349 enim
222 2329 239 2349 c
258 2329 314 2349 nec
330 2322 343 2349 t
350 2319 429 2358 fecit
443 2319 503 2350 sed
516 2319 647 2360 aliquid
661 2321 746 2351 inter
760 2323 940 2359 utramque
955 2319 1102 2350 litteram
1119 2329 1126 2349 ε
1151 2318 1302 2349 mutilato
1319 2317 1390 2349 dett.

51 2361 130 2402 aliq.
147 2361 315 2393 Erasmus
