1722 2748
199 155 283 195 VII
304 167 350 194 12
373 170 390 204 7
827 157 948 198 TITI
980 160 1098 198 LIVI

246 279 263 315 7
339 265 483 306 Gallici
502 281 665 318 quoque
684 269 778 308 belli
798 270 905 309 fama
924 269 1250 311 increbrescebat.
1311 272 1391 311 Sed
1411 270 1512 311 inter
1531 273 1628 312 mul-

284 339 346 372 tos
366 340 533 372 terrores
549 333 698 373 solacio
718 334 791 373 fuit
811 348 888 385 pax
904 334 1056 375 Latinis
1071 337 1298 387 petentibus
1312 337 1406 376 data
1425 344 1465 376 et
1484 350 1630 389 magna

284 400 346 438 uis
377 398 547 438 militum
581 399 633 439 ab
664 399 725 438 his
757 413 804 440 ex
835 402 997 441 foedere
1022 410 1192 451 uetusto,
1216 403 1326 454 quod
1357 402 1492 443 multis
1515 402 1630 443 inter-

247 483 265 513 S
286 465 474 505 miserant
511 467 637 513 annis,
678 475 855 518 accepta.
934 469 1028 517 Quo
1066 468 1265 519 praesidio
1303 482 1394 507 cum
1434 469 1532 508 fulta
1569 482 1630 509 res

287 532 472 570 Romana
493 539 607 580 esset,
626 531 753 572 leuius
766 532 839 571 fuit
855 534 966 584 quod
979 529 1117 573 Gallos
1134 547 1225 573 mox
1240 535 1452 574 Praeneste
1469 535 1630 574 uenisse

244 610 264 642 9
285 604 405 647 atque
419 596 514 636 inde
529 596 634 636 circa
654 599 807 637 Pedum
823 598 1054 639 consedisse
1074 599 1253 639 auditum
1271 607 1340 639 est.
1382 599 1628 640 Dictatorem

286 661 363 701 dici
386 662 432 704 C.
456 662 675 714 Sulpicium
696 663 870 714 placuit3
899 666 1036 704 consul
1065 666 1116 704 ad
1146 664 1187 704 id
1216 665 1366 704 accitus
1382 666 1428 706 C.
1452 664 1630 704 Plautius

286 729 409 777 dixit;
438 729 623 779 magister
643 729 823 780 equitum
845 730 1028 770 dictatori
1050 730 1211 770 additus
1237 732 1295 770 Μ.
1318 730 1512 771 Valerius.
1572 732 1629 770 Hi

286 794 430 834 robora
461 793 630 833 militum
662 807 709 833 ex
740 796 899 835 duobus
931 795 1206 836 consularibus
1238 796 1475 836 exercitibus
1504 797 1631 836 electa

228 872 266 894 10
285 861 476 899 aduersus
507 861 644 900 Gallos
684 861 893 900 duxerunt.
969 861 1135 901 Lentius
1166 861 1209 902 id
1242 862 1447 914 aliquanto
1481 862 1630 902 bellum

285 939 405 976 quam
427 924 526 977 parti
548 924 704 977 utrique
725 926 909 976 placebat
930 926 1012 966 fuit.
1073 929 1178 968 Cum
1199 926 1329 979 primo
1350 927 1455 968 Galli
1475 935 1628 968 tantum

284 990 392 1031 auidi
414 991 640 1031 certaminis
662 991 843 1041 fuissent,
863 994 1011 1033 deinde
1033 995 1242 1033 Romanus
1264 993 1377 1033 miles
1406 995 1561 1034 ruendo
1590 993 1630 1033 in

283 1070 393 1096 arma
421 1070 469 1097 ac
497 1057 797 1097 dimicationem
829 1058 1077 1109 aliquantum
1108 1059 1303 1100 Gallicam
1334 1059 1520 1100 ferociam
1548 1060 1631 1100 uin-

230 1130 401 1171 11ceret‚
424 1122 606 1163 dictatori
637 1123 869 1175 neutiquam
903 1125 1098 1175 placebat,
1132 1126 1296 1176 quando
1330 1127 1438 1165 nulla
1473 1133 1630 1178 cogeret

286 1202 360 1237 res,
381 1189 561 1228 fortunae
581 1203 623 1228 se
643 1189 893 1229 committere
914 1191 1105 1230 aduersus
1133 1192 1301 1239 hostem,
1326 1205 1445 1242 quem
1472 1198 1630 1243 ternpus

286 1255 521 1294 deteriorem
543 1254 583 1293 in
604 1254 689 1294 dies
711 1257 867 1304 faceret,
891 1256 988 1296 locis
1008 1257 1147 1296 alienis
1169 1257 1253 1297 sine
1273 1266 1505 1310 praeparato
1525 1271 1630 1298 com-

287 1327 430 1369 meatu,
454 1320 538 1360 sine
561 1322 674 1360 firmo
696 1323 948 1363 munimento
970 1316 1203 1372 morantem,
1222 1325 1272 1363 ad
1295 1325 1372 1364 hoc
1393 1324 1439 1364 iis
1460 1324 1630 1376 corpori-

286 1387 359 1427 bus
390 1387 615 1438 animisque
642 1402 812 1439 quorum
848 1389 980 1430 omnis
1010 1391 1050 1429 in
1083 1389 1235 1442 impetu
1268 1390 1328 1431 uis
1363 1398 1477 1440 esset,
1509 1404 1631 1443 parua

285 1454 424 1493 eadem
445 1454 717 1503 languesceret
737 1467 860 1495 mora.

226 1535 262 1557 12
341 1518 417 1557 His
438 1518 610 1558 consiliis
631 1518 800 1572 dictator
820 1520 970 1560 bellum
992 1521 1172 1576 trahebat
1192 1534 1436 1573 grauemque
1455 1520 1630 1562 edixerat

284 1598 467 1635 poenam,
490 1584 522 1624 si
543 1585 632 1636 quis
653 1585 805 1625 iniussu
828 1586 868 1626 in
889 1587 1046 1626 hostem
1068 1595 1293 1639 pugnasset.
1343 1586 1495 1627 Milites
1514 1601 1631 1640 aegre

284 1650 325 1690 id
346 1652 540 1701 patientes
565 1650 694 1702 primo
725 1651 764 1691 in
797 1652 1035 1693 stationibus
1067 1653 1290 1705 uigiliisque
1320 1653 1422 1694 inter
1447 1667 1490 1694 se
1509 1653 1630 1694 dicta-

284 1725 410 1757 torem
451 1718 701 1757 sermonibus
741 1732 911 1770 carpere,
954 1718 1152 1760 interdum
1192 1727 1321 1770 patres
1363 1718 1630 1760 communiter

284 1782 486 1834 increpare
518 1785 628 1834 quod
664 1798 747 1823 non
782 1784 987 1825 iussissent
1018 1799 1086 1837 per
1121 1786 1304 1825 consules
1337 1784 1418 1836 geri
1452 1785 1602 1825 bellum
1621 1799 1628 1823 z
1690 1778 1704 1840 ᾗ..

227 1859 263 1890 13
283 1849 453 1888 electum
469 1862 554 1888 esse
568 1848 756 1888 eximium
779 1849 1070 1902 imperatorem,
1090 1850 1252 1890 unicum
1269 1851 1427 1899 ducem,
1444 1849 1513 1902 qui
1529 1849 1628 1890 nihil

282 1913 413 1965 agenti
435 1913 508 1954 sibi
530 1915 581 1954 de
602 1915 713 1954 caelo
736 1916 1011 1955 deuolaturam
1029 1915 1069 1955 in
1091 1915 1220 1955 sinum
1235 1915 1441 1956 uictoriam
1454 1924 1625 1956 censeat.
1691 1917 1703 1966 ἶ

285 1973 623 2020 Eadem-deinde
663 1981 762 2020 haec
802 1980 974 2021 interdiu
1015 1983 1218 2032 propalam
1256 1995 1302 2021 ac
1334 1981 1526 2022 ferociora
1567 1980 1627 2021 his
1693 1981 1703 2028 T]

284 2045 453 2085 iactare:
483 2059 525 2085 se
546 2045 697 2086 iniussu
721 2045 966 2098 imperatoris
987 2040 1054 2085 aut
1086 2046 1342 2086 dimicaturos
1370 2054 1439 2086 aut
1468 2046 1627 2098 agmine

330 2161 347 2190 7
371 2151 413 2182 ab
429 2151 482 2182 his
506 2150 832 2183 MPFBOHTDL:
857 2150 899 2182 ab
917 2151 984 2182 hiis
1001 2150 1054 2181 A:
1079 2151 1122 2181 ab
1143 2151 1184 2182 iis
1204 2150 1290 2182 Edd.
1311 2150 1458 2192 pler-ique
1477 2161 1553 2183 cum
1575 2150 1624 2183 ed.

284 2194 383 2227 Rom.
407 2197 489 2235 1469
624 2197 644 2226 8
662 2205 737 2226 cum
756 2194 841 2227 fulta
858 2193 1146 2235 P²UpBOHTD²
1157 2194 1211 2225 uel
1221 2194 1304 2225 D¹A
1324 2205 1331 2225 :
1356 2205 1431 2226 cum
1449 2205 1525 2226 cum
1541 2194 1626 2226 fulta
1685 2196 1698 2215 ³*

283 2238 345 2270 M:
367 2244 438 2270 tum
458 2239 540 2271 fulta
561 2239 607 2271 F:
635 2239 786 2270 consulta
808 2238 904 2270 PDL
924 2238 977 2280 (cs.
995 2249 1018 2268 c.
1035 2248 1067 2277 9.
1093 2247 1112 2277 5
1136 2249 1197 2269 con
1215 2239 1425 2270 mentionem
1446 2237 1522 2280 H>=
1548 2248 1624 2270 cum
1680 2237 1701 2276 3¹

283 2283 431 2314 consulta
444 2283 474 2313 Α
480 2283 629 2323 lschefiski
726 2292 782 2313 res
798 2281 1033 2322 MPUpBOH
1039 2280 1167 2312 TDLA
1183 2294 1188 2312 :
1215 2292 1279 2315 om.
1295 2281 1329 2313 F
1423 2292 1458 2313 11
1486 2282 1623 2318 faceret,

283 2326 367 2358 locis
385 2327 505 2358 alienis
525 2325 656 2364 Madv„
669 2326 706 2366 cs:
727 2337 749 2357 c.
769 2327 821 2365 38.
842 2336 863 2365 9
877 2325 958 2358 adn.
977 2336 984 2356 :
1009 2330 1043 2357 et
1055 2325 1140 2356 locis
1156 2325 1277 2357 alienis
1294 2326 1422 2358 faceret
1437 2325 1627 2366 MPFUpB
1686 2325 1703 2350 Τ

285 2369 357 2401 OH
362 2370 486 2401 TDLA
506 2381 512 2400 :
539 2375 573 2401 et
597 2371 691 2401 locus
714 2369 846 2401 alienus
870 2369 998 2400 faceret
1021 2369 1094 2400 dett.
1121 2379 1212 2400 unus
1237 2368 1284 2401 ed.
1308 2369 1409 2403 Rom.
1432 2370 1527 2410 1469,
1545 2374 1625 2411 pro·
1678 2373 1702 2408 <f

282 2413 434 2445 bantibus
454 2413 585 2445 Gelenio
604 2414 718 2452 (15:355
735 2416 766 2443 et
783 2412 952 2444 Gebhardo
1115 2413 1155 2443 iis
1177 2412 1225 2445 cd.
1250 2413 1353 2445 Rom.
1382 2414 1488 2454 1469:
1514 2413 1544 2444 is
1569 2413 1623 2444 D:
1679 2425 1701 2449 Ι,ι

282 2458 346 2489 hiis
363 2458 396 2488 A
417 2469 423 2489 :
448 2458 502 2488 his
521 2455 805 2488 ΜΡΓΒΟΗΤΒ2
823 2457 876 2487 ucl
890 2456 969 2486 D³L
1682 2456 1684 2458 ’
