<?xml version="1.0" encoding="UTF-8"?>
<!DOCTYPE html PUBLIC "-//W3C//DTD XHTML 1.0 Transitional//EN"
    "http://www.w3.org/TR/xhtml1/DTD/xhtml1-transitional.dtd">
<html xmlns="http://www.w3.org/1999/xhtml" xml:lang="en" lang="en">
 <head>
  <title>
</title>
<meta http-equiv="Content-Type" content="text/html;charset=utf-8" />
  <meta name='ocr-system' content='tesseract 3.04.00' />
  <meta name='ocr-capabilities' content='ocr_page ocr_carea ocr_par ocr_line ocrx_word'/>
</head>
<body>
  <div class='ocr_page' id='page_1' title='image "./aburbeconditarec02livyuoft_0029.png"; bbox 0 0 1722 2748; ppageno 0'>
   <div class='ocr_carea' id='block_1_1' title="bbox 92 563 1423 611">
    <p class='ocr_par' dir='ltr' id='par_1_1' title="bbox 92 563 1423 611">
     <span class='ocr_line' id='line_1_1' title="bbox 92 563 1423 611; baseline -0.001 -1"><span class='ocrx_word' id='word_1_1' title='bbox 92 563 547 611; x_wconf 86' lang='lat' dir='ltr'><strong>CORRIGENDA</strong></span> <span class='ocrx_word' id='word_1_2' title='bbox 591 564 676 608; x_wconf 82' lang='lat' dir='ltr'><em>ET</em></span> <span class='ocrx_word' id='word_1_3' title='bbox 718 563 1057 609; x_wconf 86' lang='lat' dir='ltr'><strong>ADDENDA</strong></span> <span class='ocrx_word' id='word_1_4' title='bbox 1096 563 1164 610; x_wconf 94' lang='lat' dir='ltr'><em>IN</em></span> <span class='ocrx_word' id='word_1_5' title='bbox 1206 563 1369 610; x_wconf 87' lang='lat' dir='ltr'>TOM.</span> <span class='ocrx_word' id='word_1_6' title='bbox 1406 564 1423 609; x_wconf 96' lang='lat' dir='ltr'>I</span> 
     </span>
    </p>
   </div>
   <div class='ocr_carea' id='block_1_2' title="bbox 91 666 1429 2465">
    <p class='ocr_par' dir='ltr' id='par_1_2' title="bbox 91 666 1427 749">
     <span class='ocr_line' id='line_1_2' title="bbox 91 666 1427 748; baseline 0.001 -43"><span class='ocrx_word' id='word_1_7' title='bbox 91 675 147 706; x_wconf 84' lang='lat' dir='ltr'>viii</span> <span class='ocrx_word' id='word_1_8' title='bbox 165 674 266 748; x_wconf 66' lang='lat' dir='ltr'>a1dn.:</span> <span class='ocrx_word' id='word_1_9' title='bbox 290 674 354 715; x_wconf 79' lang='lat' dir='ltr'><em>Iege</em></span> <span class='ocrx_word' id='word_1_10' title='bbox 369 673 558 705; x_wconf 87' lang='lat' dir='ltr'>occuluerit</span> <span class='ocrx_word' id='word_1_11' title='bbox 582 677 610 704; x_wconf 82' lang='lat' dir='ltr'><em>et</em></span> <span class='ocrx_word' id='word_1_12' title='bbox 635 673 750 714; x_wconf 79' lang='lat' dir='ltr'><em>ubique</em></span> <span class='ocrx_word' id='word_1_13' title='bbox 773 674 806 704; x_wconf 82' lang='lat' dir='ltr'><em>in</em></span> <span class='ocrx_word' id='word_1_14' title='bbox 826 666 932 714; x_wconf 54' lang='lat' dir='ltr'><em>praefi</em></span> <span class='ocrx_word' id='word_1_15' title='bbox 959 677 1072 704; x_wconf 80' lang='lat' dir='ltr'><em>nostra</em></span> <span class='ocrx_word' id='word_1_16' title='bbox 1098 674 1162 705; x_wconf 81' lang='lat' dir='ltr'><em>loci</em></span> <span class='ocrx_word' id='word_1_17' title='bbox 1188 674 1241 705; x_wconf 78' lang='lat' dir='ltr'><em>uel</em></span> <span class='ocrx_word' id='word_1_18' title='bbox 1254 674 1346 706; x_wconf 88' lang='lat' dir='ltr'><em>locos</em></span> <span class='ocrx_word' id='word_1_19' title='bbox 1366 680 1427 716; x_wconf 73' lang='lat' dir='ltr'><em>pro</em></span> 
     </span>
     <span class='ocr_line' id='line_1_3' title="bbox 192 728 251 749; baseline 0.017 -1"><span class='ocrx_word' id='word_1_20' title='bbox 192 728 251 749; x_wconf 87' lang='lat' dir='ltr'><em>oca</em></span> 
     </span>
    </p>

    <p class='ocr_par' dir='ltr' id='par_1_3' title="bbox 92 760 798 803">
     <span class='ocr_line' id='line_1_4' title="bbox 92 760 798 803; baseline -0.001 -11"><span class='ocrx_word' id='word_1_21' title='bbox 92 760 150 793; x_wconf 84' lang='lat' dir='ltr'><em>xl.</em></span> <span class='ocrx_word' id='word_1_22' title='bbox 174 771 187 792; x_wconf 91' lang='lat'>1</span> <span class='ocrx_word' id='word_1_23' title='bbox 206 771 214 792; x_wconf 71' lang='grc' dir='ltr'>ε</span> <span class='ocrx_word' id='word_1_24' title='bbox 232 765 311 803; x_wconf 82' lang='lat' dir='ltr'><em>post</em></span> <span class='ocrx_word' id='word_1_25' title='bbox 325 773 355 800; x_wconf 91' lang='lat'><em>4.</em></span> <span class='ocrx_word' id='word_1_26' title='bbox 372 771 425 800; x_wconf 85' lang='lat'>32.</span> <span class='ocrx_word' id='word_1_27' title='bbox 448 771 460 791; x_wconf 93' lang='lat'>1</span> <span class='ocrx_word' id='word_1_28' title='bbox 480 761 584 792; x_wconf 81' lang='lat' dir='ltr'><em>adde:</em></span> <span class='ocrx_word' id='word_1_29' title='bbox 615 764 645 792; x_wconf 82' lang='lat' dir='ltr'><em>et</em></span> <span class='ocrx_word' id='word_1_30' title='bbox 662 762 798 800; x_wconf 87' lang='lat'>7.18.1</span> 
     </span>
    </p>

    <p class='ocr_par' dir='ltr' id='par_1_4' title="bbox 92 804 1428 1013">
     <span class='ocr_line' id='line_1_5' title="bbox 92 804 1426 846; baseline 0.001 -9"><span class='ocrx_word' id='word_1_31' title='bbox 92 817 113 837; x_wconf 88' lang='lat' dir='ltr'>x</span> <span class='ocrx_word' id='word_1_32' title='bbox 139 806 218 837; x_wconf 85' lang='lat' dir='ltr'>adn.</span> <span class='ocrx_word' id='word_1_33' title='bbox 248 815 274 836; x_wconf 88' lang='lat'>1.</span> <span class='ocrx_word' id='word_1_34' title='bbox 300 804 509 836; x_wconf 81' lang='lat' dir='ltr'><em>Perscrutato</em></span> <span class='ocrx_word' id='word_1_35' title='bbox 535 806 594 836; x_wconf 81' lang='lat' dir='ltr'><em>hoc</em></span> <span class='ocrx_word' id='word_1_36' title='bbox 621 804 771 836; x_wconf 79' lang='lat' dir='ltr'><em>editiom&#39;s</em></span> <span class='ocrx_word' id='word_1_37' title='bbox 805 805 1021 837; x_wconf 78' lang='lat' dir='ltr'><em>Gruterianae</em></span> <span class='ocrx_word' id='word_1_38' title='bbox 1045 805 1188 846; x_wconf 62' lang='lat' dir='ltr'><em>esen-zplo</em></span> <span class='ocrx_word' id='word_1_39' title='bbox 1220 806 1327 846; x_wconf 89' lang='lat' dir='ltr'><em>(quod</em></span> <span class='ocrx_word' id='word_1_40' title='bbox 1357 807 1426 838; x_wconf 81' lang='lat' dir='ltr'><em>iam</em></span> 
     </span>
     <span class='ocr_line' id='line_1_6' title="bbox 168 848 1428 891; baseline 0.002 -12"><span class='ocrx_word' id='word_1_41' title='bbox 168 849 308 890; x_wconf 71' lang='lat' dir='ltr'><em>filx&#39;oe&#39;ter</em></span> <span class='ocrx_word' id='word_1_42' title='bbox 333 853 434 889; x_wconf 82' lang='lat' dir='ltr'><em>penes</em></span> <span class='ocrx_word' id='word_1_43' title='bbox 463 859 497 880; x_wconf 86' lang='lat' dir='ltr'><em>se</em></span> <span class='ocrx_word' id='word_1_44' title='bbox 525 849 621 879; x_wconf 81' lang='lat' dir='ltr'><em>leabet</em></span> <span class='ocrx_word' id='word_1_45' title='bbox 655 848 822 890; x_wconf 75' lang='lat' dir='ltr'><em>Walters),</em></span> <span class='ocrx_word' id='word_1_46' title='bbox 848 849 1048 881; x_wconf 79' lang='lat' dir='ltr'><strong><em>inuem&#39;mus</em></strong></span> <span class='ocrx_word' id='word_1_47' title='bbox 1074 850 1104 880; x_wconf 81' lang='lat' dir='ltr'><em>ei</em></span> <span class='ocrx_word' id='word_1_48' title='bbox 1131 849 1216 880; x_wconf 81' lang='lat' dir='ltr'><em>tomi</em></span> <span class='ocrx_word' id='word_1_49' title='bbox 1230 851 1323 890; x_wconf 81' lang='lat' dir='ltr'><em>parti</em></span> <span class='ocrx_word' id='word_1_50' title='bbox 1344 862 1428 891; x_wconf 81' lang='lat' dir='ltr'><em>quae</em></span> 
     </span>
     <span class='ocr_line' id='line_1_7' title="bbox 183 892 1426 934; baseline 0.001 -10"><span class='ocrx_word' id='word_1_51' title='bbox 183 893 304 933; x_wconf 82' lang='lat' dir='ltr'><em>Vallae,</em></span> <span class='ocrx_word' id='word_1_52' title='bbox 323 892 486 933; x_wconf 71' lang='lat' dir='ltr'><em>Sabellisi,</em></span> <span class='ocrx_word' id='word_1_53' title='bbox 505 893 718 933; x_wconf 78' lang='lat' dir='ltr'><em>aliorumque</em></span> <span class='ocrx_word' id='word_1_54' title='bbox 734 893 986 924; x_wconf 75' lang='lat' dir='ltr'><strong><em>commentarios</em></strong></span> <span class='ocrx_word' id='word_1_55' title='bbox 1001 893 1131 928; x_wconf 78' lang='lat' dir='ltr'><em>adhibet</em></span> <span class='ocrx_word' id='word_1_56' title='bbox 1148 894 1334 934; x_wconf 79' lang='lat' dir='ltr'><em>praefixam</em></span> <span class='ocrx_word' id='word_1_57' title='bbox 1351 905 1426 926; x_wconf 86' lang='lat' dir='ltr'><em>cum</em></span> 
     </span>
     <span class='ocr_line' id='line_1_8' title="bbox 179 935 1428 978; baseline 0.002 -11"><span class='ocrx_word' id='word_1_58' title='bbox 179 937 273 968; x_wconf 83' lang='lat' dir='ltr'><em>titulo</em></span> <span class='ocrx_word' id='word_1_59' title='bbox 293 937 461 978; x_wconf 77' lang='lat' dir='ltr'><em>paginam</em></span> <span class='ocrx_word' id='word_1_60' title='bbox 487 947 570 977; x_wconf 85' lang='lat' dir='ltr'><em>quae</em></span> <span class='ocrx_word' id='word_1_61' title='bbox 595 935 815 977; x_wconf 75' lang='lat' dir='ltr'><em>Francofurti</em></span> <span class='ocrx_word' id='word_1_62' title='bbox 834 947 927 968; x_wconf 85' lang='lat' dir='ltr'><em>anno</em></span> <span class='ocrx_word' id='word_1_63' title='bbox 954 938 1036 978; x_wconf 79' lang='lat'><em>1607</em></span> <span class='ocrx_word' id='word_1_64' title='bbox 1062 936 1185 968; x_wconf 83' lang='lat' dir='ltr'><em>librum</em></span> <span class='ocrx_word' id='word_1_65' title='bbox 1213 937 1338 969; x_wconf 74' lang='lat' dir='ltr'><em>editum</em></span> <span class='ocrx_word' id='word_1_66' title='bbox 1362 949 1428 970; x_wconf 83' lang='lat' dir='ltr'><strong><em>csse</em></strong></span> 
     </span>
     <span class='ocr_line' id='line_1_9' title="bbox 178 980 273 1013; baseline 0.011 -1"><span class='ocrx_word' id='word_1_67' title='bbox 178 980 273 1013; x_wconf 81' lang='lat' dir='ltr'><em>docet.</em></span> 
     </span>
    </p>

    <p class='ocr_par' dir='ltr' id='par_1_5' title="bbox 93 1023 836 1065">
     <span class='ocr_line' id='line_1_10' title="bbox 93 1023 836 1065; baseline 0 -9"><span class='ocrx_word' id='word_1_68' title='bbox 93 1024 152 1056; x_wconf 81' lang='lat' dir='ltr'>xiii</span> <span class='ocrx_word' id='word_1_69' title='bbox 169 1025 191 1056; x_wconf 89' lang='lat' dir='ltr'><em>I.</em></span> <span class='ocrx_word' id='word_1_70' title='bbox 211 1025 270 1056; x_wconf 82' lang='lat' dir='ltr'><em>ult.</em></span> <span class='ocrx_word' id='word_1_71' title='bbox 286 1034 295 1054; x_wconf 73' lang='grc' dir='ltr'><strong>ε</strong></span> <span class='ocrx_word' id='word_1_72' title='bbox 321 1023 384 1065; x_wconf 82' lang='lat' dir='ltr'><em>lege</em></span> <span class='ocrx_word' id='word_1_73' title='bbox 399 1024 581 1056; x_wconf 87' lang='lat' dir='ltr'>XII-XIII</span> <span class='ocrx_word' id='word_1_74' title='bbox 598 1029 659 1065; x_wconf 76' lang='lat' dir='ltr'><em>pro</em></span> <span class='ocrx_word' id='word_1_75' title='bbox 674 1024 836 1056; x_wconf 85' lang='lat' dir='ltr'>XI—XIII</span> 
     </span>
    </p>

    <p class='ocr_par' dir='ltr' id='par_1_6' title="bbox 92 1067 1429 1198">
     <span class='ocr_line' id='line_1_11' title="bbox 92 1067 1429 1111; baseline 0 -11"><span class='ocrx_word' id='word_1_76' title='bbox 92 1069 151 1100; x_wconf 89' lang='lat' dir='ltr'><em>xiv</em></span> <span class='ocrx_word' id='word_1_77' title='bbox 169 1071 184 1107; x_wconf 99' lang='lat'><strong>5</strong></span> <span class='ocrx_word' id='word_1_78' title='bbox 202 1079 224 1108; x_wconf 90' lang='grc'>9</span> <span class='ocrx_word' id='word_1_79' title='bbox 239 1067 287 1100; x_wconf 89' lang='lat' dir='ltr'><em>ad</em></span> <span class='ocrx_word' id='word_1_80' title='bbox 298 1068 364 1108; x_wconf 83' lang='lat' dir='ltr'><em>fin.</em></span> <span class='ocrx_word' id='word_1_81' title='bbox 388 1068 493 1100; x_wconf 81' lang='lat' dir='ltr'><em>adele:</em></span> <span class='ocrx_word' id='word_1_82' title='bbox 518 1068 559 1100; x_wconf 88' lang='lat' dir='ltr'>ef.</span> <span class='ocrx_word' id='word_1_83' title='bbox 577 1068 658 1100; x_wconf 75' lang='lat' dir='ltr'>sid.</span> <span class='ocrx_word' id='word_1_84' title='bbox 685 1068 797 1110; x_wconf 77' lang='lat' dir='ltr'>Apoll.</span> <span class='ocrx_word' id='word_1_85' title='bbox 823 1068 910 1110; x_wconf 82' lang='lat' dir='ltr'>Epp.</span> <span class='ocrx_word' id='word_1_86' title='bbox 931 1078 962 1101; x_wconf 90' lang='lat' dir='ltr'><em>v.</em></span> <span class='ocrx_word' id='word_1_87' title='bbox 992 1078 1030 1108; x_wconf 87' lang='lat'><em>15</em></span> <span class='ocrx_word' id='word_1_88' title='bbox 1055 1068 1117 1108; x_wconf 84' lang='lat' dir='ltr'><em>(ad</em></span> <span class='ocrx_word' id='word_1_89' title='bbox 1139 1068 1343 1111; x_wconf 76' lang='lat' dir='ltr'><em>Ruricium),</em></span> <span class='ocrx_word' id='word_1_90' title='bbox 1372 1069 1429 1110; x_wconf 71' lang='lat' dir='ltr'><em>ubi</em></span> 
     </span>
     <span class='ocr_line' id='line_1_12' title="bbox 179 1112 1429 1155; baseline 0.001 -12"><span class='ocrx_word' id='word_1_91' title='bbox 179 1116 463 1143; x_wconf 81' lang='lat' dir='ltr'><em>commemoratur</em></span> <span class='ocrx_word' id='word_1_92' title='bbox 481 1112 533 1143; x_wconf 82' lang='lat' dir='ltr'><em>hic</em></span> <span class='ocrx_word' id='word_1_93' title='bbox 553 1123 627 1143; x_wconf 88' lang='lat' dir='ltr'><em>mos</em></span> <span class='ocrx_word' id='word_1_94' title='bbox 650 1112 797 1144; x_wconf 81' lang='lat' dir='ltr'><em>dictandi</em></span> <span class='ocrx_word' id='word_1_95' title='bbox 809 1113 907 1144; x_wconf 84' lang='lat' dir='ltr'><em>libros</em></span> <span class='ocrx_word' id='word_1_96' title='bbox 924 1113 1035 1154; x_wconf 83' lang='lat' dir='ltr'><em>(quem</em></span> <span class='ocrx_word' id='word_1_97' title='bbox 1054 1112 1162 1143; x_wconf 83' lang='lat' dir='ltr'><em>locum</em></span> <span class='ocrx_word' id='word_1_98' title='bbox 1185 1113 1321 1155; x_wconf 81' lang='lat' dir='ltr'><em>benigne</em></span> <span class='ocrx_word' id='word_1_99' title='bbox 1344 1114 1429 1144; x_wconf 71' lang='lat' dir='ltr'><em>mila·</em></span> 
     </span>
     <span class='ocr_line' id='line_1_13' title="bbox 180 1155 1120 1198; baseline 0 -11"><span class='ocrx_word' id='word_1_100' title='bbox 180 1155 342 1187; x_wconf 78' lang='lat' dir='ltr'><em>indicauit</em></span> <span class='ocrx_word' id='word_1_101' title='bbox 346 1156 457 1196; x_wconf 84' lang='lat' dir='ltr'><em>frater</em></span> <span class='ocrx_word' id='word_1_102' title='bbox 470 1156 633 1198; x_wconf 79' lang='lat' dir='ltr'><em>patruelis</em></span> <span class='ocrx_word' id='word_1_103' title='bbox 648 1156 775 1188; x_wconf 76' lang='lat' dir='ltr'><em>Mat-tin</em></span> <span class='ocrx_word' id='word_1_104' title='bbox 794 1157 936 1197; x_wconf 75' lang='lat' dir='ltr'><em>Conway</em></span> <span class='ocrx_word' id='word_1_105' title='bbox 946 1156 1045 1197; x_wconf 83' lang='lat' dir='ltr'><em>Eq.A</em></span> <span class='ocrx_word' id='word_1_106' title='bbox 1050 1157 1120 1196; x_wconf 84' lang='lat' dir='ltr'>ur.)</span> 
     </span>
    </p>

    <p class='ocr_par' dir='ltr' id='par_1_7' title="bbox 94 1199 1427 1286">
     <span class='ocr_line' id='line_1_14' title="bbox 94 1199 1427 1243; baseline 0.002 -13"><span class='ocrx_word' id='word_1_107' title='bbox 94 1199 174 1231; x_wconf 87' lang='lat' dir='ltr'>xviii</span> <span class='ocrx_word' id='word_1_108' title='bbox 195 1202 211 1238; x_wconf 86' lang='lat'><strong>5</strong></span> <span class='ocrx_word' id='word_1_109' title='bbox 233 1210 271 1239; x_wconf 86' lang='lat'><em>14</em></span> <span class='ocrx_word' id='word_1_110' title='bbox 286 1210 293 1230; x_wconf 91' lang='lat'><strong>:</strong></span> <span class='ocrx_word' id='word_1_111' title='bbox 318 1199 357 1230; x_wconf 82' lang='lat' dir='ltr'><em>de</em></span> <span class='ocrx_word' id='word_1_112' title='bbox 374 1201 573 1231; x_wconf 77' lang='lat' dir='ltr'><em>monasterio</em></span> <span class='ocrx_word' id='word_1_113' title='bbox 587 1199 622 1232; x_wconf 89' lang='lat' dir='ltr'><em>F</em></span> <span class='ocrx_word' id='word_1_114' title='bbox 619 1201 791 1232; x_wconf 79' lang='lat' dir='ltr'><em>loriacensi</em></span> <span class='ocrx_word' id='word_1_115' title='bbox 804 1201 832 1243; x_wconf 76' lang='lat'><em>(⁴</em></span> <span class='ocrx_word' id='word_1_116' title='bbox 843 1199 963 1232; x_wconf 78' lang='lat' dir='ltr'><em>Sancti</em></span> <span class='ocrx_word' id='word_1_117' title='bbox 981 1199 1182 1241; x_wconf 79' lang='lat' dir='ltr'><em>Bencdt&#39;cti’)</em></span> <span class='ocrx_word' id='word_1_118' title='bbox 1200 1201 1323 1232; x_wconf 81' lang='lat' dir='ltr'><em>citandi</em></span> <span class='ocrx_word' id='word_1_119' title='bbox 1335 1205 1427 1232; x_wconf 78' lang='lat' dir='ltr'><em>erant</em></span> 
     </span>
     <span class='ocr_line' id='line_1_15' title="bbox 179 1243 1127 1286; baseline 0.003 -13"><span class='ocrx_word' id='word_1_120' title='bbox 179 1243 309 1286; x_wconf 78' lang='lat' dir='ltr'><em>Frigell,</em></span> <span class='ocrx_word' id='word_1_121' title='bbox 333 1243 466 1275; x_wconf 76' lang='lat' dir='ltr'><em>Collatia</em></span> <span class='ocrx_word' id='word_1_122' title='bbox 475 1249 510 1286; x_wconf 85' lang='lat' dir='ltr'>p.</span> <span class='ocrx_word' id='word_1_123' title='bbox 531 1245 552 1274; x_wconf 90' lang='lat'>8</span> <span class='ocrx_word' id='word_1_124' title='bbox 566 1248 596 1275; x_wconf 83' lang='lat' dir='ltr'><em>et</em></span> <span class='ocrx_word' id='word_1_125' title='bbox 616 1244 754 1284; x_wconf 71' lang='lat' dir='ltr'><em>Traube,</em></span> <span class='ocrx_word' id='word_1_126' title='bbox 770 1249 811 1276; x_wconf 86' lang='lat' dir='ltr'><em>ut</em></span> <span class='ocrx_word' id='word_1_127' title='bbox 825 1245 872 1276; x_wconf 87' lang='lat' dir='ltr'><em>ad</em></span> <span class='ocrx_word' id='word_1_128' title='bbox 875 1249 910 1285; x_wconf 80' lang='lat' dir='ltr'>p.</span> <span class='ocrx_word' id='word_1_129' title='bbox 927 1254 998 1275; x_wconf 84' lang='lat' dir='ltr'><em>xxv</em></span> <span class='ocrx_word' id='word_1_130' title='bbox 1011 1243 1091 1276; x_wconf 84' lang='lat' dir='ltr'><em>adn.</em></span> <span class='ocrx_word' id='word_1_131' title='bbox 1112 1254 1127 1275; x_wconf 95' lang='lat'>1</span> 
     </span>
    </p>

    <p class='ocr_par' dir='ltr' id='par_1_8' title="bbox 93 1287 1424 1416">
     <span class='ocr_line' id='line_1_16' title="bbox 93 1287 1424 1329; baseline 0.002 -11"><span class='ocrx_word' id='word_1_132' title='bbox 93 1288 152 1318; x_wconf 87' lang='lat' dir='ltr'><em>xxi</em></span> <span class='ocrx_word' id='word_1_133' title='bbox 166 1291 182 1326; x_wconf 84' lang='lat'><strong>5</strong></span> <span class='ocrx_word' id='word_1_134' title='bbox 200 1298 212 1318; x_wconf 87' lang='lat'>1</span> <span class='ocrx_word' id='word_1_135' title='bbox 221 1297 254 1326; x_wconf 88' lang='lat'><em>7:</em></span> <span class='ocrx_word' id='word_1_136' title='bbox 272 1287 507 1318; x_wconf 78' lang='lat' dir='ltr'><em>adnotandum</em></span> <span class='ocrx_word' id='word_1_137' title='bbox 518 1291 588 1319; x_wconf 75' lang='lat' dir='ltr'><em>crat</em></span> <span class='ocrx_word' id='word_1_138' title='bbox 603 1288 707 1319; x_wconf 80' lang='lat' dir='ltr'><em>huius</em></span> <span class='ocrx_word' id='word_1_139' title='bbox 718 1288 833 1320; x_wconf 76' lang='lat' dir='ltr'><em>codicis</em></span> <span class='ocrx_word' id='word_1_140' title='bbox 851 1288 1049 1320; x_wconf 79' lang='lat' dir='ltr'><em>Oxom&#39;ensis</em></span> <span class='ocrx_word' id='word_1_141' title='bbox 1062 1289 1260 1319; x_wconf 77' lang='lat' dir='ltr'><em>mentionem</em></span> <span class='ocrx_word' id='word_1_142' title='bbox 1269 1290 1424 1329; x_wconf 80' lang='lat' dir='ltr'><em>primum</em></span> 
     </span>
     <span class='ocr_line' id='line_1_17' title="bbox 169 1331 1423 1373; baseline 0.002 -11"><span class='ocrx_word' id='word_1_143' title='bbox 169 1331 302 1371; x_wconf 82' lang='lat' dir='ltr'><em>factam</em></span> <span class='ocrx_word' id='word_1_144' title='bbox 323 1341 396 1371; x_wconf 70' lang='lat' dir='ltr'>csse.</span> <span class='ocrx_word' id='word_1_145' title='bbox 415 1332 529 1371; x_wconf 85' lang='lat' dir='ltr'><em>quoad</em></span> <span class='ocrx_word' id='word_1_146' title='bbox 547 1331 654 1362; x_wconf 74' lang='lat' dir='ltr'><em>adhuc</em></span> <span class='ocrx_word' id='word_1_147' title='bbox 673 1331 876 1373; x_wconf 81' lang='lat' dir='ltr'><strong><em>inuem&#39;mus,</em></strong></span> <span class='ocrx_word' id='word_1_148' title='bbox 894 1344 915 1364; x_wconf 89' lang='lat' dir='ltr'><em>a</em></span> <span class='ocrx_word' id='word_1_149' title='bbox 937 1331 1080 1372; x_wconf 75' lang='lat' dir='ltr'><em>Twisszb,</em></span> <span class='ocrx_word' id='word_1_150' title='bbox 1099 1332 1217 1364; x_wconf 77' lang='lat' dir='ltr'><em>editore</em></span> <span class='ocrx_word' id='word_1_151' title='bbox 1234 1332 1423 1372; x_wconf 79' lang='lat' dir='ltr'><em>oxoniensi,</em></span> 
     </span>
     <span class='ocr_line' id='line_1_18' title="bbox 181 1374 680 1416; baseline 0.004 -11"><span class='ocrx_word' id='word_1_152' title='bbox 181 1385 273 1406; x_wconf 83' lang='lat' dir='ltr'><em>anno</em></span> <span class='ocrx_word' id='word_1_153' title='bbox 291 1375 385 1414; x_wconf 80' lang='lat'>1841,</span> <span class='ocrx_word' id='word_1_154' title='bbox 407 1374 501 1407; x_wconf 87' lang='lat' dir='ltr'><em>Tom.</em></span> <span class='ocrx_word' id='word_1_155' title='bbox 519 1376 596 1416; x_wconf 56' lang='lat' dir='ltr'><em>ivp.</em></span> <span class='ocrx_word' id='word_1_156' title='bbox 615 1376 680 1415; x_wconf 88' lang='grc'><em>438</em></span> 
     </span>
    </p>

    <p class='ocr_par' dir='ltr' id='par_1_9' title="bbox 93 1418 1425 1493">
     <span class='ocr_line' id='line_1_19' title="bbox 93 1418 1425 1460; baseline 0.001 -11"><span class='ocrx_word' id='word_1_157' title='bbox 93 1419 134 1450; x_wconf 73' lang='lat' dir='ltr'><em>ib.</em></span> <span class='ocrx_word' id='word_1_158' title='bbox 151 1418 171 1450; x_wconf 86' lang='lat' dir='ltr'><em>l.</em></span> <span class='ocrx_word' id='word_1_159' title='bbox 191 1429 212 1458; x_wconf 89' lang='grc'><strong>9</strong></span> <span class='ocrx_word' id='word_1_160' title='bbox 223 1424 286 1460; x_wconf 79' lang='lat' dir='ltr'><em>pro</em></span> <span class='ocrx_word' id='word_1_161' title='bbox 300 1418 414 1450; x_wconf 80' lang='lat' dir='ltr'>amisit</span> <span class='ocrx_word' id='word_1_162' title='bbox 431 1419 497 1460; x_wconf 82' lang='lat' dir='ltr'><em>lege</em></span> <span class='ocrx_word' id='word_1_163' title='bbox 512 1419 634 1460; x_wconf 66' lang='lat' dir='ltr'><em>omisit,</em></span> <span class='ocrx_word' id='word_1_164' title='bbox 653 1430 735 1451; x_wconf 88' lang='lat' dir='ltr'><em>nam</em></span> <span class='ocrx_word' id='word_1_165' title='bbox 752 1419 786 1451; x_wconf 82' lang='lat' dir='ltr'><em>in</em></span> <span class='ocrx_word' id='word_1_166' title='bbox 803 1424 883 1451; x_wconf 78' lang='lat' dir='ltr'><em>recto</em></span> <span class='ocrx_word' id='word_1_167' title='bbox 897 1420 983 1460; x_wconf 82' lang='lat' dir='ltr'><em>solio</em></span> <span class='ocrx_word' id='word_1_168' title='bbox 1007 1418 1112 1451; x_wconf 79' lang='lat' dir='ltr'><em>medio</em></span> <span class='ocrx_word' id='word_1_169' title='bbox 1133 1419 1185 1451; x_wconf 75' lang='lat' dir='ltr'><em>hic</em></span> <span class='ocrx_word' id='word_1_170' title='bbox 1206 1419 1303 1451; x_wconf 79' lang='lat' dir='ltr'><em>codex</em></span> <span class='ocrx_word' id='word_1_171' title='bbox 1316 1420 1425 1451; x_wconf 85' lang='lat' dir='ltr'><em>subito</em></span> 
     </span>
     <span class='ocr_line' id='line_1_20' title="bbox 179 1463 298 1493; baseline -0.008 0"><span class='ocrx_word' id='word_1_172' title='bbox 179 1463 298 1493; x_wconf 77' lang='lat' dir='ltr'><em>desinit</em></span> 
     </span>
    </p>

    <p class='ocr_par' dir='ltr' id='par_1_10' title="bbox 93 1506 636 1548">
     <span class='ocr_line' id='line_1_21' title="bbox 93 1506 636 1548; baseline 0.002 -11"><span class='ocrx_word' id='word_1_173' title='bbox 93 1506 164 1537; x_wconf 84' lang='lat' dir='ltr'>xxii</span> <span class='ocrx_word' id='word_1_174' title='bbox 180 1506 200 1537; x_wconf 86' lang='lat' dir='ltr'><em>l.</em></span> <span class='ocrx_word' id='word_1_175' title='bbox 219 1517 239 1545; x_wconf 89' lang='lat'>4</span> <span class='ocrx_word' id='word_1_176' title='bbox 255 1518 261 1538; x_wconf 70' lang='grc' dir='ltr'>ι</span> <span class='ocrx_word' id='word_1_177' title='bbox 287 1506 352 1548; x_wconf 80' lang='lat' dir='ltr'><em>lege</em></span> <span class='ocrx_word' id='word_1_178' title='bbox 367 1506 636 1538; x_wconf 80' lang='lat' dir='ltr'><em>Claromontano</em></span> 
     </span>
    </p>

    <p class='ocr_par' dir='ltr' id='par_1_11' title="bbox 94 1550 699 1592">
     <span class='ocr_line' id='line_1_22' title="bbox 94 1550 699 1592; baseline 0.003 -12"><span class='ocrx_word' id='word_1_179' title='bbox 94 1561 162 1581; x_wconf 84' lang='lat' dir='ltr'><em>xxv</em></span> <span class='ocrx_word' id='word_1_180' title='bbox 177 1550 197 1580; x_wconf 90' lang='lat' dir='ltr'><em>l.</em></span> <span class='ocrx_word' id='word_1_181' title='bbox 214 1561 236 1590; x_wconf 91' lang='lat'><strong>9</strong></span> <span class='ocrx_word' id='word_1_182' title='bbox 253 1550 294 1581; x_wconf 87' lang='lat' dir='ltr'><em>ab</em></span> <span class='ocrx_word' id='word_1_183' title='bbox 312 1551 371 1582; x_wconf 84' lang='lat' dir='ltr'><em>ult.</em></span> <span class='ocrx_word' id='word_1_184' title='bbox 389 1563 396 1582; x_wconf 76' lang='lat' dir='ltr'><strong><em>z</em></strong></span> <span class='ocrx_word' id='word_1_185' title='bbox 413 1555 477 1591; x_wconf 80' lang='lat' dir='ltr'><em>pro</em></span> <span class='ocrx_word' id='word_1_186' title='bbox 493 1561 542 1581; x_wconf 90' lang='lat' dir='ltr'><em>m·</em></span> <span class='ocrx_word' id='word_1_187' title='bbox 557 1551 623 1592; x_wconf 81' lang='lat' dir='ltr'><em>lege</em></span> <span class='ocrx_word' id='word_1_188' title='bbox 637 1561 699 1582; x_wconf 90' lang='lat' dir='ltr'><em>-m-</em></span> 
     </span>
    </p>

    <p class='ocr_par' dir='ltr' id='par_1_12' title="bbox 94 1593 769 1636">
     <span class='ocr_line' id='line_1_23' title="bbox 94 1593 769 1636; baseline 0.003 -12"><span class='ocrx_word' id='word_1_189' title='bbox 94 1604 161 1624; x_wconf 83' lang='lat' dir='ltr'><em>xxv</em></span> <span class='ocrx_word' id='word_1_190' title='bbox 177 1593 254 1625; x_wconf 84' lang='lat' dir='ltr'><em>adn.</em></span> <span class='ocrx_word' id='word_1_191' title='bbox 277 1603 289 1624; x_wconf 92' lang='lat'>1</span> <span class='ocrx_word' id='word_1_192' title='bbox 309 1594 448 1635; x_wconf 87' lang='lat' dir='ltr'><em>adfin.:</em></span> <span class='ocrx_word' id='word_1_193' title='bbox 473 1594 539 1636; x_wconf 82' lang='lat' dir='ltr'><em>Iege</em></span> <span class='ocrx_word' id='word_1_194' title='bbox 552 1605 614 1635; x_wconf 91' lang='lat'><em>401</em></span> <span class='ocrx_word' id='word_1_195' title='bbox 627 1599 691 1635; x_wconf 84' lang='lat' dir='ltr'><em>pro</em></span> <span class='ocrx_word' id='word_1_196' title='bbox 704 1604 769 1635; x_wconf 86' lang='lat'><em>425</em></span> 
     </span>
    </p>

    <p class='ocr_par' dir='ltr' id='par_1_13' title="bbox 94 1637 1067 1681">
     <span class='ocr_line' id='line_1_24' title="bbox 94 1637 1067 1681; baseline 0.001 -13"><span class='ocrx_word' id='word_1_197' title='bbox 94 1637 172 1668; x_wconf 85' lang='lat' dir='ltr'>xxvi</span> <span class='ocrx_word' id='word_1_198' title='bbox 191 1640 207 1676; x_wconf 90' lang='lat'><strong>5</strong></span> <span class='ocrx_word' id='word_1_199' title='bbox 225 1648 267 1668; x_wconf 84' lang='lat'><em>22</em></span> <span class='ocrx_word' id='word_1_200' title='bbox 285 1637 323 1669; x_wconf 82' lang='lat' dir='ltr'><em>de</em></span> <span class='ocrx_word' id='word_1_201' title='bbox 343 1637 414 1669; x_wconf 82' lang='lat' dir='ltr'><em>Tel</em></span> <span class='ocrx_word' id='word_1_202' title='bbox 431 1638 474 1681; x_wconf 86' lang='lat' dir='ltr'><em>[t]</em></span> <span class='ocrx_word' id='word_1_203' title='bbox 493 1640 562 1669; x_wconf 78' lang='lat' dir='ltr'><em>iam</em></span> <span class='ocrx_word' id='word_1_204' title='bbox 572 1639 675 1680; x_wconf 80' lang='lat' dir='ltr'><em>plura</em></span> <span class='ocrx_word' id='word_1_205' title='bbox 691 1638 766 1669; x_wconf 80' lang='lat' dir='ltr'><em>uide</em></span> <span class='ocrx_word' id='word_1_206' title='bbox 779 1637 814 1669; x_wconf 78' lang='lat' dir='ltr'><em>in</em></span> <span class='ocrx_word' id='word_1_207' title='bbox 830 1637 887 1669; x_wconf 90' lang='lat' dir='ltr'>VI.</span> <span class='ocrx_word' id='word_1_208' title='bbox 907 1647 933 1669; x_wconf 93' lang='lat'>1.</span> <span class='ocrx_word' id='word_1_209' title='bbox 957 1647 971 1669; x_wconf 91' lang='lat'>1</span> <span class='ocrx_word' id='word_1_210' title='bbox 990 1637 1067 1669; x_wconf 84' lang='lat' dir='ltr'><em>adn.</em></span> 
     </span>
    </p>

    <p class='ocr_par' dir='ltr' id='par_1_14' title="bbox 94 1680 836 1723">
     <span class='ocr_line' id='line_1_25' title="bbox 94 1680 836 1723; baseline 0.001 -11"><span class='ocrx_word' id='word_1_211' title='bbox 94 1681 188 1712; x_wconf 80' lang='lat' dir='ltr'>xxxii</span> <span class='ocrx_word' id='word_1_212' title='bbox 204 1680 224 1713; x_wconf 89' lang='lat' dir='ltr'>l.</span> <span class='ocrx_word' id='word_1_213' title='bbox 242 1691 263 1721; x_wconf 86' lang='lat'><strong>3</strong></span> <span class='ocrx_word' id='word_1_214' title='bbox 278 1685 309 1712; x_wconf 83' lang='lat' dir='ltr'><em>et</em></span> <span class='ocrx_word' id='word_1_215' title='bbox 322 1682 460 1723; x_wconf 80' lang='lat' dir='ltr'><em>ubique:</em></span> <span class='ocrx_word' id='word_1_216' title='bbox 482 1682 548 1723; x_wconf 80' lang='lat' dir='ltr'><em>lege</em></span> <span class='ocrx_word' id='word_1_217' title='bbox 561 1682 783 1721; x_wconf 76' lang='lat' dir='ltr'><strong>Agennensis</strong></span> <span class='ocrx_word' id='word_1_218' title='bbox 831 1713 836 1717; x_wconf 71' lang='grc'>,</span> 
     </span>
    </p>

    <p class='ocr_par' dir='ltr' id='par_1_15' title="bbox 94 1723 652 1767">
     <span class='ocr_line' id='line_1_26' title="bbox 94 1723 652 1767; baseline 0.004 -12"><span class='ocrx_word' id='word_1_219' title='bbox 94 1725 201 1756; x_wconf 85' lang='lat' dir='ltr'>xxxiv</span> <span class='ocrx_word' id='word_1_220' title='bbox 213 1723 236 1756; x_wconf 85' lang='lat' dir='ltr'><em>l.</em></span> <span class='ocrx_word' id='word_1_221' title='bbox 254 1735 276 1765; x_wconf 92' lang='lat'>9</span> <span class='ocrx_word' id='word_1_222' title='bbox 292 1736 301 1757; x_wconf 89' lang='lat'>:</span> <span class='ocrx_word' id='word_1_223' title='bbox 325 1726 388 1767; x_wconf 82' lang='lat' dir='ltr'><em>lege</em></span> <span class='ocrx_word' id='word_1_224' title='bbox 404 1736 468 1757; x_wconf 83' lang='lat' dir='ltr'><em>nos</em></span> <span class='ocrx_word' id='word_1_225' title='bbox 478 1731 540 1766; x_wconf 82' lang='lat' dir='ltr'><em>pro</em></span> <span class='ocrx_word' id='word_1_226' title='bbox 558 1725 652 1757; x_wconf 80' lang='lat' dir='ltr'>nobis</span> 
     </span>
    </p>

    <p class='ocr_par' dir='ltr' id='par_1_16' title="bbox 94 1766 666 1811">
     <span class='ocr_line' id='line_1_27' title="bbox 94 1766 666 1811; baseline 0.003 -12"><span class='ocrx_word' id='word_1_227' title='bbox 94 1766 219 1800; x_wconf 85' lang='lat' dir='ltr'><em>xxxvl.</em></span> <span class='ocrx_word' id='word_1_228' title='bbox 242 1779 279 1808; x_wconf 89' lang='lat'><em>17</em></span> <span class='ocrx_word' id='word_1_229' title='bbox 295 1779 302 1799; x_wconf 88' lang='lat'>:</span> <span class='ocrx_word' id='word_1_230' title='bbox 327 1770 391 1811; x_wconf 82' lang='lat' dir='ltr'><em>lege</em></span> <span class='ocrx_word' id='word_1_231' title='bbox 407 1770 495 1801; x_wconf 82' lang='lat' dir='ltr'><em>docti</em></span> <span class='ocrx_word' id='word_1_232' title='bbox 512 1770 666 1810; x_wconf 87' lang='lat' dir='ltr'>plerique</span> 
     </span>
    </p>

    <p class='ocr_par' dir='ltr' id='par_1_17' title="bbox 93 1811 871 1855">
     <span class='ocr_line' id='line_1_28' title="bbox 93 1811 871 1855; baseline 0.003 -12"><span class='ocrx_word' id='word_1_233' title='bbox 93 1811 197 1843; x_wconf 85' lang='lat' dir='ltr'>xxxvi</span> <span class='ocrx_word' id='word_1_234' title='bbox 214 1812 235 1843; x_wconf 89' lang='lat' dir='ltr'>l.</span> <span class='ocrx_word' id='word_1_235' title='bbox 256 1823 274 1852; x_wconf 92' lang='lat'><strong>7</strong></span> <span class='ocrx_word' id='word_1_236' title='bbox 287 1813 328 1843; x_wconf 88' lang='lat' dir='ltr'><em>ab</em></span> <span class='ocrx_word' id='word_1_237' title='bbox 345 1813 400 1844; x_wconf 82' lang='lat' dir='ltr'><em>ult.</em></span> <span class='ocrx_word' id='word_1_238' title='bbox 416 1823 425 1844; x_wconf 91' lang='lat'><strong>:</strong></span> <span class='ocrx_word' id='word_1_239' title='bbox 449 1814 514 1854; x_wconf 81' lang='lat' dir='ltr'><em>lege</em></span> <span class='ocrx_word' id='word_1_240' title='bbox 530 1814 655 1852; x_wconf 77' lang='lat' dir='ltr'>primas</span> <span class='ocrx_word' id='word_1_241' title='bbox 666 1818 729 1855; x_wconf 87' lang='lat' dir='ltr'><em>pro</em></span> <span class='ocrx_word' id='word_1_242' title='bbox 744 1814 871 1854; x_wconf 84' lang='lat' dir='ltr'>primae</span> 
     </span>
    </p>

    <p class='ocr_par' dir='ltr' id='par_1_18' title="bbox 94 1856 836 1899">
     <span class='ocr_line' id='line_1_29' title="bbox 94 1856 836 1899; baseline 0.004 -13"><span class='ocrx_word' id='word_1_243' title='bbox 94 1856 222 1887; x_wconf 82' lang='lat' dir='ltr'>xxxviii</span> <span class='ocrx_word' id='word_1_244' title='bbox 242 1858 258 1894; x_wconf 89' lang='lat'><strong>5</strong></span> <span class='ocrx_word' id='word_1_245' title='bbox 276 1866 318 1896; x_wconf 84' lang='lat'><em>33</em></span> <span class='ocrx_word' id='word_1_246' title='bbox 335 1857 385 1899; x_wconf 83' lang='lat' dir='ltr'><em>(k)</em></span> <span class='ocrx_word' id='word_1_247' title='bbox 402 1867 411 1888; x_wconf 72' lang='grc' dir='ltr'><strong><em>ι</em></strong></span> <span class='ocrx_word' id='word_1_248' title='bbox 435 1857 501 1898; x_wconf 75' lang='lat' dir='ltr'><em>Iege</em></span> <span class='ocrx_word' id='word_1_249' title='bbox 516 1857 597 1888; x_wconf 83' lang='lat' dir='ltr'><strong>illud</strong></span> <span class='ocrx_word' id='word_1_250' title='bbox 608 1856 631 1898; x_wconf 91' lang='lat'><em>¹,</em></span> <span class='ocrx_word' id='word_1_251' title='bbox 650 1868 717 1889; x_wconf 82' lang='lat' dir='ltr'><em>non</em></span> <span class='ocrx_word' id='word_1_252' title='bbox 734 1858 818 1889; x_wconf 84' lang='lat' dir='ltr'>illud</span> <span class='ocrx_word' id='word_1_253' title='bbox 829 1859 836 1870; x_wconf 76' lang='lat'><em>¹</em></span> 
     </span>
    </p>

    <p class='ocr_par' dir='ltr' id='par_1_19' title="bbox 93 1898 1054 1942">
     <span class='ocr_line' id='line_1_30' title="bbox 93 1898 1054 1942; baseline 0.002 -12"><span class='ocrx_word' id='word_1_254' title='bbox 93 1898 201 1940; x_wconf 80' lang='lat' dir='ltr'><em>Praes.</em></span> <span class='ocrx_word' id='word_1_255' title='bbox 224 1910 238 1931; x_wconf 93' lang='lat'>1</span> <span class='ocrx_word' id='word_1_256' title='bbox 255 1911 262 1931; x_wconf 74' lang='grc' dir='ltr'><strong><em>ε</em></strong></span> <span class='ocrx_word' id='word_1_257' title='bbox 291 1901 447 1942; x_wconf 71' lang='lat' dir='ltr'><em>exemplis</em></span> <span class='ocrx_word' id='word_1_258' title='bbox 463 1902 727 1942; x_wconf 57' lang='lat' dir='ltr'><em>transpositionis</em></span> <span class='ocrx_word' id='word_1_259' title='bbox 740 1901 824 1933; x_wconf 84' lang='lat' dir='ltr'><em>adde</em></span> <span class='ocrx_word' id='word_1_260' title='bbox 839 1902 868 1933; x_wconf 90' lang='lat'><em>8.</em></span> <span class='ocrx_word' id='word_1_261' title='bbox 887 1901 922 1932; x_wconf 88' lang='grc'><em>8.</em></span> <span class='ocrx_word' id='word_1_262' title='bbox 939 1911 958 1939; x_wconf 82' lang='grc'>4</span> <span class='ocrx_word' id='word_1_263' title='bbox 975 1900 1054 1932; x_wconf 85' lang='lat' dir='ltr'><em>adn.</em></span> 
     </span>
    </p>

    <p class='ocr_par' dir='ltr' id='par_1_20' title="bbox 93 1942 1422 2028">
     <span class='ocr_line' id='line_1_31' title="bbox 93 1942 1422 1986; baseline 0.001 -12"><span class='ocrx_word' id='word_1_264' title='bbox 93 1942 202 1984; x_wconf 67' lang='lat' dir='ltr'><em>Praqfi</em></span> <span class='ocrx_word' id='word_1_265' title='bbox 221 1953 266 1983; x_wconf 86' lang='lat'><em>5:</em></span> <span class='ocrx_word' id='word_1_266' title='bbox 289 1945 443 1986; x_wconf 78' lang='lat' dir='ltr'><em>exemplis</em></span> <span class='ocrx_word' id='word_1_267' title='bbox 469 1946 748 1985; x_wconf 75' lang='lat' dir='ltr'><em>glossematorum</em></span> <span class='ocrx_word' id='word_1_268' title='bbox 773 1945 864 1977; x_wconf 83' lang='lat' dir='ltr'><em>uarie</em></span> <span class='ocrx_word' id='word_1_269' title='bbox 886 1945 1126 1975; x_wconf 80' lang='lat' dir='ltr'><em>inculcatorum</em></span> <span class='ocrx_word' id='word_1_270' title='bbox 1153 1943 1236 1975; x_wconf 79' lang='lat' dir='ltr'><em>adde</em></span> <span class='ocrx_word' id='word_1_271' title='bbox 1261 1956 1289 1983; x_wconf 72' lang='grc'><em>4.</em></span> <span class='ocrx_word' id='word_1_272' title='bbox 1309 1954 1360 1982; x_wconf 82' lang='grc'><em>31.</em></span> <span class='ocrx_word' id='word_1_273' title='bbox 1380 1955 1422 1984; x_wconf 82' lang='grc'><em>9;</em></span> 
     </span>
     <span class='ocr_line' id='line_1_32' title="bbox 183 1996 599 2028; baseline 0.002 -10"><span class='ocrx_word' id='word_1_274' title='bbox 183 1996 231 2019; x_wconf 85' lang='lat'>10.</span> <span class='ocrx_word' id='word_1_275' title='bbox 254 1997 304 2027; x_wconf 86' lang='lat'>13.</span> <span class='ocrx_word' id='word_1_276' title='bbox 327 1998 388 2028; x_wconf 78' lang='lat'><em>103</em></span> <span class='ocrx_word' id='word_1_277' title='bbox 417 1999 466 2020; x_wconf 92' lang='lat'>10.</span> <span class='ocrx_word' id='word_1_278' title='bbox 486 1998 540 2028; x_wconf 86' lang='lat'><em>37.</em></span> <span class='ocrx_word' id='word_1_279' title='bbox 561 1998 599 2028; x_wconf 90' lang='lat'><em>15</em></span> 
     </span>
    </p>

    <p class='ocr_par' dir='ltr' id='par_1_21' title="bbox 94 2029 1423 2116">
     <span class='ocr_line' id='line_1_33' title="bbox 94 2029 1423 2074; baseline 0.001 -13"><span class='ocrx_word' id='word_1_280' title='bbox 94 2029 205 2071; x_wconf 78' lang='lat' dir='ltr'><em>Praes.</em></span> <span class='ocrx_word' id='word_1_281' title='bbox 230 2041 253 2071; x_wconf 91' lang='lat'><strong>9</strong></span> <span class='ocrx_word' id='word_1_282' title='bbox 279 2030 385 2064; x_wconf 67' lang='lat' dir='ltr'><em>adm:</em></span> <span class='ocrx_word' id='word_1_283' title='bbox 408 2031 498 2063; x_wconf 79' lang='lat' dir='ltr'><em>locus</em></span> <span class='ocrx_word' id='word_1_284' title='bbox 525 2044 556 2072; x_wconf 84' lang='lat'>4.</span> <span class='ocrx_word' id='word_1_285' title='bbox 583 2032 637 2072; x_wconf 89' lang='lat'><em>38.</em></span> <span class='ocrx_word' id='word_1_286' title='bbox 667 2042 687 2063; x_wconf 84' lang='lat'>2</span> <span class='ocrx_word' id='word_1_287' title='bbox 716 2035 776 2074; x_wconf 82' lang='lat' dir='ltr'><em>pro</em></span> <span class='ocrx_word' id='word_1_288' title='bbox 806 2031 969 2063; x_wconf 78' lang='lat' dir='ltr'><em>Gronovio</em></span> <span class='ocrx_word' id='word_1_289' title='bbox 994 2042 1070 2062; x_wconf 81' lang='lat' dir='ltr'><em>cum</em></span> <span class='ocrx_word' id='word_1_290' title='bbox 1099 2042 1126 2070; x_wconf 92' lang='lat'><em>7.</em></span> <span class='ocrx_word' id='word_1_291' title='bbox 1149 2041 1197 2071; x_wconf 85' lang='lat'>15.</span> <span class='ocrx_word' id='word_1_292' title='bbox 1217 2043 1234 2070; x_wconf 73' lang='grc'>4</span> <span class='ocrx_word' id='word_1_293' title='bbox 1272 2031 1423 2062; x_wconf 75' lang='lat' dir='ltr'><em>citandus</em></span> 
     </span>
     <span class='ocr_line' id='line_1_34' title="bbox 178 2075 1393 2116; baseline -0.001 -11"><span class='ocrx_word' id='word_1_294' title='bbox 178 2078 259 2114; x_wconf 84' lang='lat' dir='ltr'><em>erat,</em></span> <span class='ocrx_word' id='word_1_295' title='bbox 278 2086 344 2106; x_wconf 88' lang='lat' dir='ltr'><em>non</em></span> <span class='ocrx_word' id='word_1_296' title='bbox 360 2080 476 2107; x_wconf 86' lang='lat' dir='ltr'><em>contra</em></span> <span class='ocrx_word' id='word_1_297' title='bbox 490 2087 566 2107; x_wconf 82' lang='lat' dir='ltr'><em>eum</em></span> <span class='ocrx_word' id='word_1_298' title='bbox 581 2087 658 2107; x_wconf 88' lang='lat' dir='ltr'><em>cum</em></span> <span class='ocrx_word' id='word_1_299' title='bbox 674 2086 706 2116; x_wconf 89' lang='lat'><em>3.</em></span> <span class='ocrx_word' id='word_1_300' title='bbox 726 2087 778 2116; x_wconf 89' lang='lat'><em>40.</em></span> <span class='ocrx_word' id='word_1_301' title='bbox 797 2077 818 2107; x_wconf 91' lang='lat'><em>8</em></span> <span class='ocrx_word' id='word_1_302' title='bbox 835 2087 842 2115; x_wconf 82' lang='lat'><em>3</em></span> <span class='ocrx_word' id='word_1_303' title='bbox 866 2075 1004 2108; x_wconf 83' lang='lat' dir='ltr'><em>omnino</em></span> <span class='ocrx_word' id='word_1_304' title='bbox 1020 2075 1144 2114; x_wconf 71' lang='lat' dir='ltr'><em>dffcile</em></span> <span class='ocrx_word' id='word_1_305' title='bbox 1159 2079 1206 2106; x_wconf 82' lang='lat' dir='ltr'><em>cst</em></span> <span class='ocrx_word' id='word_1_306' title='bbox 1220 2075 1393 2106; x_wconf 75' lang='lat' dir='ltr'><em>dt‘scn&#39;mcn</em></span> 
     </span>
    </p>

    <p class='ocr_par' dir='ltr' id='par_1_22' title="bbox 98 2118 1421 2204">
     <span class='ocr_line' id='line_1_35' title="bbox 98 2118 1421 2161; baseline 0 -13"><span class='ocrx_word' id='word_1_307' title='bbox 98 2128 123 2149; x_wconf 86' lang='lat'>1.</span> <span class='ocrx_word' id='word_1_308' title='bbox 147 2128 171 2150; x_wconf 90' lang='lat'>1.</span> <span class='ocrx_word' id='word_1_309' title='bbox 194 2129 214 2157; x_wconf 89' lang='lat'>4</span> <span class='ocrx_word' id='word_1_310' title='bbox 233 2118 311 2153; x_wconf 78' lang='lat' dir='ltr'><em>adn.</em></span> <span class='ocrx_word' id='word_1_311' title='bbox 329 2119 376 2150; x_wconf 87' lang='lat' dir='ltr'><em>ad</em></span> <span class='ocrx_word' id='word_1_312' title='bbox 388 2120 513 2151; x_wconf 81' lang='lat' dir='ltr'><em>maiora</em></span> <span class='ocrx_word' id='word_1_313' title='bbox 530 2119 613 2151; x_wconf 78' lang='lat' dir='ltr'><em>adde</em></span> <span class='ocrx_word' id='word_1_314' title='bbox 630 2131 639 2152; x_wconf 72' lang='lat' dir='ltr'>z</span> <span class='ocrx_word' id='word_1_315' title='bbox 660 2121 698 2160; x_wconf 66' lang='lat' dir='ltr'><em>qs.</em></span> <span class='ocrx_word' id='word_1_316' title='bbox 713 2131 744 2161; x_wconf 90' lang='lat'><em>9.</em></span> <span class='ocrx_word' id='word_1_317' title='bbox 765 2130 816 2159; x_wconf 82' lang='lat'>45.</span> <span class='ocrx_word' id='word_1_318' title='bbox 839 2129 858 2159; x_wconf 89' lang='lat'>5</span> <span class='ocrx_word' id='word_1_319' title='bbox 875 2120 937 2150; x_wconf 91' lang='lat' dir='ltr'><em>sub</em></span> <span class='ocrx_word' id='word_1_320' title='bbox 952 2118 1068 2159; x_wconf 84' lang='lat' dir='ltr'>specie</span> <span class='ocrx_word' id='word_1_321' title='bbox 1085 2118 1210 2150; x_wconf 83' lang='lat' dir='ltr'>infidae</span> <span class='ocrx_word' id='word_1_322' title='bbox 1229 2118 1333 2158; x_wconf 83' lang='lat' dir='ltr'>pacis,</span> <span class='ocrx_word' id='word_1_323' title='bbox 1345 2129 1421 2149; x_wconf 85' lang='lat' dir='ltr'><em>cum</em></span> 
     </span>
     <span class='ocr_line' id='line_1_36' title="bbox 184 2163 594 2204; baseline 0.007 -12"><span class='ocrx_word' id='word_1_324' title='bbox 184 2172 210 2193; x_wconf 89' lang='lat'>1.</span> <span class='ocrx_word' id='word_1_325' title='bbox 228 2173 260 2202; x_wconf 90' lang='lat'><em>9.</em></span> <span class='ocrx_word' id='word_1_326' title='bbox 282 2172 321 2202; x_wconf 83' lang='lat'><em>13</em></span> <span class='ocrx_word' id='word_1_327' title='bbox 336 2166 366 2194; x_wconf 78' lang='lat' dir='ltr'><em>et</em></span> <span class='ocrx_word' id='word_1_328' title='bbox 378 2173 409 2202; x_wconf 90' lang='lat'><em>9.</em></span> <span class='ocrx_word' id='word_1_329' title='bbox 429 2174 459 2204; x_wconf 86' lang='lat'>9.</span> <span class='ocrx_word' id='word_1_330' title='bbox 479 2173 499 2193; x_wconf 85' lang='lat'>2</span> <span class='ocrx_word' id='word_1_331' title='bbox 515 2163 594 2196; x_wconf 86' lang='lat' dir='ltr'><em>adn.</em></span> 
     </span>
    </p>

    <p class='ocr_par' dir='ltr' id='par_1_23' title="bbox 98 2205 1049 2246">
     <span class='ocr_line' id='line_1_37' title="bbox 98 2205 1049 2246; baseline 0 -10"><span class='ocrx_word' id='word_1_332' title='bbox 98 2215 123 2236; x_wconf 93' lang='lat'>1.</span> <span class='ocrx_word' id='word_1_333' title='bbox 141 2215 170 2244; x_wconf 85' lang='lat'>5.</span> <span class='ocrx_word' id='word_1_334' title='bbox 190 2206 212 2235; x_wconf 92' lang='lat'><strong>6</strong></span> <span class='ocrx_word' id='word_1_335' title='bbox 227 2205 305 2238; x_wconf 83' lang='lat' dir='ltr'><em>adn.</em></span> <span class='ocrx_word' id='word_1_336' title='bbox 329 2206 436 2237; x_wconf 72' lang='lat' dir='ltr'><em>adde:</em></span> <span class='ocrx_word' id='word_1_337' title='bbox 461 2217 502 2238; x_wconf 88' lang='lat' dir='ltr'><em>eo</em></span> <span class='ocrx_word' id='word_1_338' title='bbox 518 2208 652 2238; x_wconf 87' lang='lat' dir='ltr'>demum</span> <span class='ocrx_word' id='word_1_339' title='bbox 673 2205 860 2246; x_wconf 66' lang='lat' dir='ltr'><em>Weissenb„</em></span> <span class='ocrx_word' id='word_1_340' title='bbox 878 2216 944 2238; x_wconf 88' lang='lat' dir='ltr'><em>non</em></span> <span class='ocrx_word' id='word_1_341' title='bbox 963 2205 1049 2238; x_wconf 80' lang='lat' dir='ltr'><em>male</em></span> 
     </span>
    </p>

    <p class='ocr_par' dir='ltr' id='par_1_24' title="bbox 97 2247 1421 2334">
     <span class='ocr_line' id='line_1_38' title="bbox 97 2247 1421 2291; baseline 0.002 -13"><span class='ocrx_word' id='word_1_342' title='bbox 97 2258 124 2279; x_wconf 93' lang='lat'>1.</span> <span class='ocrx_word' id='word_1_343' title='bbox 151 2259 180 2287; x_wconf 89' lang='lat'><em>7.</em></span> <span class='ocrx_word' id='word_1_344' title='bbox 203 2258 233 2288; x_wconf 88' lang='lat'><em>5.</em></span> <span class='ocrx_word' id='word_1_345' title='bbox 260 2249 365 2282; x_wconf 67' lang='lat' dir='ltr'><em>adm:</em></span> <span class='ocrx_word' id='word_1_346' title='bbox 389 2250 544 2291; x_wconf 80' lang='lat' dir='ltr'><em>exemplis</em></span> <span class='ocrx_word' id='word_1_347' title='bbox 565 2251 660 2291; x_wconf 61' lang='lat' dir='ltr'><em>saegni</em></span> <span class='ocrx_word' id='word_1_348' title='bbox 683 2250 779 2282; x_wconf 77' lang='lat' dir='ltr'><em>dubii</em></span> <span class='ocrx_word' id='word_1_349' title='bbox 790 2250 936 2291; x_wconf 78' lang='lat' dir='ltr'><em>fideliler</em></span> <span class='ocrx_word' id='word_1_350' title='bbox 955 2248 1108 2290; x_wconf 78' lang='lat' dir='ltr'><em>descripti</em></span> <span class='ocrx_word' id='word_1_351' title='bbox 1128 2247 1212 2279; x_wconf 76' lang='lat' dir='ltr'><em>adde</em></span> <span class='ocrx_word' id='word_1_352' title='bbox 1238 2259 1269 2289; x_wconf 89' lang='lat'><em>9.</em></span> <span class='ocrx_word' id='word_1_353' title='bbox 1300 2260 1351 2288; x_wconf 84' lang='lat'>32.</span> <span class='ocrx_word' id='word_1_354' title='bbox 1383 2251 1421 2288; x_wconf 80' lang='lat'><em>83</em></span> 
     </span>
     <span class='ocr_line' id='line_1_39' title="bbox 184 2295 1039 2334; baseline 0.004 -12"><span class='ocrx_word' id='word_1_355' title='bbox 184 2302 231 2324; x_wconf 84' lang='lat'>10.</span> <span class='ocrx_word' id='word_1_356' title='bbox 248 2303 301 2324; x_wconf 86' lang='lat'>20.</span> <span class='ocrx_word' id='word_1_357' title='bbox 317 2302 357 2332; x_wconf 87' lang='lat'><em>5;</em></span> <span class='ocrx_word' id='word_1_358' title='bbox 385 2303 437 2324; x_wconf 87' lang='lat'>10.</span> <span class='ocrx_word' id='word_1_359' title='bbox 453 2304 505 2326; x_wconf 80' lang='lat'><em>22.</em></span> <span class='ocrx_word' id='word_1_360' title='bbox 529 2304 542 2325; x_wconf 96' lang='lat'>1</span> <span class='ocrx_word' id='word_1_361' title='bbox 562 2297 592 2325; x_wconf 82' lang='lat' dir='ltr'><em>et</em></span> <span class='ocrx_word' id='word_1_362' title='bbox 604 2295 649 2334; x_wconf 70' lang='lat'><em>63</em></span> <span class='ocrx_word' id='word_1_363' title='bbox 677 2304 726 2325; x_wconf 91' lang='lat'>10.</span> <span class='ocrx_word' id='word_1_364' title='bbox 743 2304 796 2334; x_wconf 85' lang='lat'>23.</span> <span class='ocrx_word' id='word_1_365' title='bbox 812 2304 832 2334; x_wconf 92' lang='lat'><strong>5</strong></span> <span class='ocrx_word' id='word_1_366' title='bbox 849 2304 858 2333; x_wconf 90' lang='lat'><strong>;</strong></span> <span class='ocrx_word' id='word_1_367' title='bbox 884 2303 934 2325; x_wconf 87' lang='lat'>10.</span> <span class='ocrx_word' id='word_1_368' title='bbox 950 2303 1001 2332; x_wconf 86' lang='lat'>33.</span> <span class='ocrx_word' id='word_1_369' title='bbox 1019 2303 1039 2333; x_wconf 86' lang='lat'><strong>4</strong></span> 
     </span>
    </p>

    <p class='ocr_par' dir='ltr' id='par_1_25' title="bbox 96 2334 1423 2420">
     <span class='ocr_line' id='line_1_40' title="bbox 96 2334 1423 2379; baseline 0 -13"><span class='ocrx_word' id='word_1_370' title='bbox 96 2345 124 2367; x_wconf 87' lang='lat'>1.</span> <span class='ocrx_word' id='word_1_371' title='bbox 143 2345 171 2374; x_wconf 90' lang='lat'><em>7.</em></span> <span class='ocrx_word' id='word_1_372' title='bbox 192 2345 210 2374; x_wconf 90' lang='lat'><strong>7</strong></span> <span class='ocrx_word' id='word_1_373' title='bbox 226 2334 305 2367; x_wconf 84' lang='lat' dir='ltr'><em>adn.</em></span> <span class='ocrx_word' id='word_1_374' title='bbox 324 2336 373 2367; x_wconf 87' lang='lat' dir='ltr'><em>ad</em></span> <span class='ocrx_word' id='word_1_375' title='bbox 385 2336 511 2378; x_wconf 81' lang='lat' dir='ltr'><em>morte]</em></span> <span class='ocrx_word' id='word_1_376' title='bbox 526 2347 535 2368; x_wconf 71' lang='grc' dir='ltr'>ι</span> <span class='ocrx_word' id='word_1_377' title='bbox 553 2342 618 2379; x_wconf 84' lang='lat' dir='ltr'><em>pro</em></span> <span class='ocrx_word' id='word_1_378' title='bbox 632 2343 742 2369; x_wconf 85' lang='lat' dir='ltr'><em>morte</em></span> <span class='ocrx_word' id='word_1_379' title='bbox 765 2336 896 2368; x_wconf 80' lang='lat' dir='ltr'><em>citanda</em></span> <span class='ocrx_word' id='word_1_380' title='bbox 919 2339 1012 2367; x_wconf 81' lang='lat' dir='ltr'><em>erant</em></span> <span class='ocrx_word' id='word_1_381' title='bbox 1026 2337 1057 2367; x_wconf 90' lang='lat'><em>8.</em></span> <span class='ocrx_word' id='word_1_382' title='bbox 1079 2345 1128 2367; x_wconf 89' lang='lat'>10.</span> <span class='ocrx_word' id='word_1_383' title='bbox 1144 2346 1163 2375; x_wconf 87' lang='grc'>4</span> <span class='ocrx_word' id='word_1_384' title='bbox 1179 2339 1209 2366; x_wconf 80' lang='lat' dir='ltr'><em>et</em></span> <span class='ocrx_word' id='word_1_385' title='bbox 1224 2337 1275 2375; x_wconf 86' lang='lat'>38.</span> <span class='ocrx_word' id='word_1_386' title='bbox 1303 2337 1358 2376; x_wconf 86' lang='lat'>58.</span> <span class='ocrx_word' id='word_1_387' title='bbox 1382 2338 1423 2374; x_wconf 87' lang='lat'><em>6;</em></span> 
     </span>
     <span class='ocr_line' id='line_1_41' title="bbox 175 2379 1152 2420; baseline 0 -11"><span class='ocrx_word' id='word_1_388' title='bbox 175 2384 239 2419; x_wconf 86' lang='lat' dir='ltr'><em>pro</em></span> <span class='ocrx_word' id='word_1_389' title='bbox 253 2384 397 2410; x_wconf 81' lang='lat' dir='ltr'><em>mortem</em></span> <span class='ocrx_word' id='word_1_390' title='bbox 414 2391 444 2412; x_wconf 90' lang='lat'>2.</span> <span class='ocrx_word' id='word_1_391' title='bbox 465 2390 494 2420; x_wconf 92' lang='lat'><em>7.</em></span> <span class='ocrx_word' id='word_1_392' title='bbox 512 2380 555 2420; x_wconf 90' lang='lat'><em>8;</em></span> <span class='ocrx_word' id='word_1_393' title='bbox 578 2390 609 2420; x_wconf 82' lang='lat'>3.</span> <span class='ocrx_word' id='word_1_394' title='bbox 627 2390 679 2420; x_wconf 88' lang='lat'><em>50.</em></span> <span class='ocrx_word' id='word_1_395' title='bbox 699 2382 740 2419; x_wconf 74' lang='lat'><em>83</em></span> <span class='ocrx_word' id='word_1_396' title='bbox 763 2382 816 2413; x_wconf 87' lang='lat'>26.</span> <span class='ocrx_word' id='word_1_397' title='bbox 837 2390 888 2420; x_wconf 87' lang='lat'>25.</span> <span class='ocrx_word' id='word_1_398' title='bbox 909 2390 967 2420; x_wconf 83' lang='lat' dir='ltr'><em>x4;</em></span> <span class='ocrx_word' id='word_1_399' title='bbox 993 2390 1045 2419; x_wconf 88' lang='lat'><em>31.</em></span> <span class='ocrx_word' id='word_1_400' title='bbox 1064 2379 1112 2411; x_wconf 90' lang='lat'><em>18.</em></span> <span class='ocrx_word' id='word_1_401' title='bbox 1131 2379 1152 2409; x_wconf 90' lang='lat'>6</span> 
     </span>
    </p>

    <p class='ocr_par' dir='ltr' id='par_1_26' title="bbox 97 2422 1150 2465">
     <span class='ocr_line' id='line_1_42' title="bbox 97 2422 1150 2465; baseline 0.001 -13"><span class='ocrx_word' id='word_1_402' title='bbox 97 2431 124 2453; x_wconf 84' lang='lat'>1.</span> <span class='ocrx_word' id='word_1_403' title='bbox 143 2433 175 2461; x_wconf 88' lang='grc'><em>9.</em></span> <span class='ocrx_word' id='word_1_404' title='bbox 198 2431 237 2462; x_wconf 84' lang='grc'><em>13</em></span> <span class='ocrx_word' id='word_1_405' title='bbox 252 2422 331 2454; x_wconf 86' lang='lat' dir='ltr'><em>adn.</em></span> <span class='ocrx_word' id='word_1_406' title='bbox 347 2433 355 2453; x_wconf 71' lang='grc' dir='ltr'><em>τ</em></span> <span class='ocrx_word' id='word_1_407' title='bbox 376 2427 453 2465; x_wconf 82' lang='lat' dir='ltr'><em>post</em></span> <span class='ocrx_word' id='word_1_408' title='bbox 466 2423 563 2455; x_wconf 85' lang='lat' dir='ltr'><em>initia</em></span> <span class='ocrx_word' id='word_1_409' title='bbox 578 2423 683 2454; x_wconf 80' lang='lat' dir='ltr'><em>adde:</em></span> <span class='ocrx_word' id='word_1_410' title='bbox 708 2428 738 2456; x_wconf 81' lang='lat' dir='ltr'><em>et</em></span> <span class='ocrx_word' id='word_1_411' title='bbox 752 2435 781 2465; x_wconf 90' lang='lat'>9.</span> <span class='ocrx_word' id='word_1_412' title='bbox 804 2433 856 2463; x_wconf 85' lang='lat'><em>45.</em></span> <span class='ocrx_word' id='word_1_413' title='bbox 874 2433 916 2463; x_wconf 88' lang='lat'><em>5;</em></span> <span class='ocrx_word' id='word_1_414' title='bbox 940 2434 970 2463; x_wconf 93' lang='lat'>9.</span> <span class='ocrx_word' id='word_1_415' title='bbox 988 2434 1017 2463; x_wconf 91' lang='lat'>9.</span> <span class='ocrx_word' id='word_1_416' title='bbox 1038 2433 1056 2453; x_wconf 84' lang='lat'>2</span> <span class='ocrx_word' id='word_1_417' title='bbox 1074 2422 1150 2454; x_wconf 87' lang='lat' dir='ltr'><em>adn.</em></span> 
     </span>
    </p>
   </div>
   <div class='ocr_carea' id='block_1_3' title="bbox 715 2478 803 2517">
    <p class='ocr_par' dir='ltr' id='par_1_27' title="bbox 715 2478 803 2517">
     <span class='ocr_line' id='line_1_43' title="bbox 715 2478 803 2517; baseline 0 0"><span class='ocrx_word' id='word_1_418' title='bbox 715 2478 803 2517; x_wconf 83' lang='lat' dir='ltr'>xxiii</span> 
     </span>
    </p>
   </div>
  </div>
 </body>
</html>
