1722 2748
785 130 1108 170 PRAEFATIO
1161 182 1164 185 η

282 243 438 294 ‘primis
468 243 627 296 duobus
661 242 908 283 ternionibus
941 243 1110 282 carebat.
1143 274 1150 283 .
1184 274 1192 283 .
1225 273 1233 282 .
1268 244 1382 282 Idem
1419 245 1546 282 scelus
1581 252 1620 282 et

280 309 358 347 fine
378 308 593 348 uoluminis
615 308 873 348 commissum
889 309 908 348 '.
967 308 1048 348 Vbi
1067 308 1257 348 obserues
1282 308 1334 347 sis
1362 309 1426 347 illa
1446 307 1619 360 ‘primae

279 373 440 413 decadis
453 375 463 392 ³
482 382 522 414 et
540 380 549 396 ‘
562 374 669 414 idem
689 376 818 414 scelus
831 375 840 392 '
855 389 868 423 3
892 375 946 414 de
963 374 1110 425 quibus
1127 382 1276 425 postea.

335 438 494 479 Deinde
511 439 567 479 ait
586 439 778 479 Gelenius
797 438 839 478 in
858 438 1101 490 praefatione
1122 453 1195 478 sua
1216 439 1417 478 ‘Primum
1437 438 1498 478 uir
1516 452 1621 478 acer-

279 504 366 543 rimi
395 504 531 544 iudieii
562 507 794 553 Rhenanus,
825 503 1005 556 diligenti
1033 504 1170 544 habita
1203 519 1273 556 per
1301 506 1469 557 collegia
1502 504 1619 545 simul

278 578 317 609 et
338 570 534 610 coenobia
553 570 857 622 conquisitione,
878 569 1116 622 geminum
1139 571 1380 622 exemplar
1407 570 1618 611 omniurn

279 635 348 687 qui
375 643 509 675 extant
531 634 635 675 Liuii
660 635 862 683 librorum,
884 643 1051 686 excepta
1075 634 1243 675 dimidia
1270 636 1436 675 Decade
1462 636 1577 675 tertia
1590 634 1617 683 ¹,

279 701 354 760 sibi
369 702 614 752 comparauit
629 715 638 741 z
667 714 717 740 eo
729 700 908 749 consilio,
923 708 967 740 ut
982 701 1236 752 praelucente
1251 702 1416 751 antiqua
1434 699 1618 750 lectione,

278 765 431 805 facilius
469 767 705 806 mendarum
740 766 923 808 tenebras
960 765 1189 806 discuteret.
1248 765 1350 816 Quis
1389 765 1498 806 enim
1536 780 1618 806 non

278 831 424 880 uideat,
446 831 515 870 ubi
534 839 668 871 uetera
687 832 900 883 archetypa
919 839 1001 871 tam
1021 830 1123 871 inter
1146 845 1188 871 se
1209 832 1474 880 consentiunt,
1497 843 1618 883 quam

278 911 301 937 a
335 897 503 949 uulgatis
536 897 778 937 editionibus
813 897 1030 946 dissonant,
1068 899 1195 937 multo
1234 911 1358 948 quum
1397 897 1618 949 expeditius

279 971 363 1003 tum
380 963 523 1003 certius
539 963 732 1003 sinceram
749 963 963 1004 lectionem
979 963 1129 1004 restitui
1146 965 1293 1015 posse?
1326 964 1405 1014 atq'
1419 962 1473 1003 ita
1487 963 1619 1004 bonae

279 1029 398 1082 partis
433 1029 591 1069 Liuiani
623 1031 754 1082 operis
784 1030 1038 1070 collationem
1072 1043 1119 1070 ac
1157 1028 1458 1081 castigationem
1497 1042 1618 1081 quam

278 1095 573 1136 accuratissime
600 1096 760 1148 peregit.
822 1096 1039 1148 Reliquum
1069 1095 1153 1149 pari
1182 1109 1284 1144 cura,
1317 1109 1368 1135 ne
1402 1094 1534 1135 dicam
1564 1110 1619 1136 re-

278 1163 435 1214 ligione,
453 1163 530 1214 atq’
550 1164 806 1202 eorundem
833 1162 1175 1214 exemplarium
1196 1175 1296 1213 ope,
1320 1161 1405 1213 ipse
1425 1161 1579 1201 confeci
1596 1163 1617 1202 '.

334 1229 485 1269 Contra
507 1228 859 1268 Drakenborchius
878 1228 959 1281 (vii,
978 1242 1015 1280 p.
1036 1227 1154 1282 xxxv)
1174 1241 1323 1278 negans
1345 1228 1510 1267 eosdem
1531 1241 1619 1268 esse

278 1293 438 1334 codices
455 1293 742 1334 Rhenanianos
759 1302 798 1334 et
813 1293 974 1334 codices
988 1293 1230 1334 Gelenianos
1248 1296 1257 1313 ‘
1267 1294 1511 1332 Rhenanum
1525 1306 1620 1332 con-

279 1361 481 1400 fitentem'
508 1360 639 1411 inquit
675 1359 935 1408 ‘audiuimus‚
967 1359 1287 1399 Vormatiensem
1318 1359 1503 1398 codicem
1535 1373 1618 1400 non

279 1433 434 1465 tantum
467 1424 509 1465 in
542 1424 656 1464 initio
688 1426 759 1464 sed
792 1424 912 1464 etiam
943 1424 984 1464 in
1017 1427 1097 1464 fine
1135 1424 1319 1464 mutilum
1353 1423 1486 1464 fuisse.
1545 1426 1620 1464 Per

279 1492 399 1530 finem
428 1498 563 1530 autem
592 1490 742 1530 codicis
777 1490 955 1542 intelligo
989 1490 1168 1529 ultimam
1199 1497 1352 1542 partem
1386 1489 1476 1529 libri
1508 1490 1639 1551 sexti,-

209 1567 219 1574 ·
278 1555 371 1607 quia
392 1554 686 1595 Annotationes
714 1554 899 1595 Rhenani
927 1557 1027 1595 ultra
1051 1563 1169 1609 caput
1189 1556 1377 1594 XXVIII
1392 1555 1406 1576 ²
1430 1554 1515 1594 eius
1531 1554 1619 1594 libri

277 1635 358 1661 non
397 1622 630 1673 procedunt.
691 1619 810 1661 Certe
840 1633 911 1672 per
939 1634 988 1660 ea
1025 1621 1148 1660 uerba
1184 1628 1335 1672 partem
1374 1627 1617 1671 postremam

277 1687 365 1726 libri
396 1685 542 1726 decimi
577 1687 820 1726 Rhenanum
855 1685 1030 1726 indicare
1063 1685 1238 1725 uoluisse
1274 1685 1367 1725 ideo
1404 1684 1618 1725 uerisimile

279 1753 444 1800 non.fit‚
476 1750 667 1803 quoniam
694 1751 884 1790 Gelenius
916 1751 969 1790 ad
998 1751 1086 1790 Lib.
1117 1752 1167 1798 X,
1199 1764 1287 1801 cap.
1316 1762 1366 1801 45
1399 1748 1528 1803 (quod
1557 1759 1617 1791 est

277 1816 637 1868 antepenultimam
663 1818 748 1856 eius
775 1816 880 1870 libri)
902 1818 919 1867 §
945 1831 960 1855 1
974 1831 987 1856 1
1011 1817 1289 1868 exemplarium
1309 1822 1480 1855 ueterum
1500 1816 1620 1868 scrip-

279 1891 407 1922 turam
433 1883 630 1933 proferat:
658 1896 706 1921 ex
736 1895 818 1933 quo
846 1881 1104 1934 probabiliter
1131 1883 1286 1933 colligo,
1317 1889 1503 1921 neutrum
1532 1883 1617 1922 eius

279 1936 461 1988 codicem
488 1960 514 1987 a
543 1948 622 1987 fine
651 1947 836 1986 mutilum
865 1947 996 1996 fuisse,
1027 1955 1068 1987 et
1096 1946 1191 1986 hinc
1217 1948 1449 1986 alterutrum
1476 1945 1616 1988 ebrum

278 2012 600 2052 Vormatiensem
618 2025 705 2053 esse
723 2027 805 2052 non
818 2026 936 2065 posse
948 2013 968 2053 '.
1025 2014 1088 2052 De
1109 2011 1254 2064 quibus
1273 2011 1447 2052 breuiter
1462 2013 1618 2052 Madvi-

277 2078 363 2130 gius
375 2078 555 2130 (Emend.
571 2091 609 2129 p.
622 2092 683 2128 24,
700 2081 793 2118 adn.
807 2078 895 2131 2)³:
928 2082 937 2100 ‘
950 2080 1095 2119 eodem
1108 2079 1250 2118 codice
1263 2077 1304 2116 in
1320 2077 1448 2117 Libris
1462 2079 1616 2117 VII-X

278 2144 490 2184 Gelenium
513 2144 685 2184 subinde
705 2158 821 2184 usum
840 2158 928 2184 esse
949 2158 1032 2184 non
1058 2150 1189 2195 potest
1215 2144 1432 2194 praefracte
1457 2144 1617 2195 negari'

280 2211 425 2258 Certe3
467 2210 538 2249 sed
571 2210 669 2261 quid
702 2212 989 2261 respondeatur
1022 2210 1075 2249 de
1111 2207 1243 2248 uerbis
1281 2208 1356 2247 illis
1398 2206 1460 2246 ‘in
1494 2209 1614 2249 finem

365 2307 377 2327 ¹
402 2307 506 2339 Certe
523 2308 558 2339 in
575 2309 687 2340 animo
704 2309 738 2340 id
755 2308 857 2340 habet
871 2308 961 2348 quod
979 2308 1052 2340 cod.
1073 2306 1249 2348 Spirensis
1265 2305 1344 2339 libb.
1369 2305 1614 2339 XXV1·-xxx

279 2361 429 2392 continet
445 2361 506 2391 sed
524 2371 591 2391 non
607 2360 686 2393 libb.
703 2360 926 2392 XXI—XXV.

366 2411 378 2431 ²
404 2411 521 2443 Potius
536 2422 564 2444 c.
583 2423 635 2452 31,
652 2412 720 2444 uid.
737 2423 850 2452 supra.

366 2463 379 2484 3
400 2463 551 2496 Alteram
569 2465 753 2496 editionem
771 2463 1059 2496 Emendationum
1076 2474 1212 2506 semper
1231 2462 1332 2494 uelim
1351 2463 1510 2504 intellegi.

909 2520 970 2560 xiv
