1722 2748
495 119 566 157 AB
597 118 748 156 VRBE
779 117 1039 157 CONDITA
1292 118 1352 156 IX
1373 117 1427 156 26
1445 133 1464 167 9

90 228 438 281 adipiscendorum
465 241 583 267 causa
612 229 734 267 factas
762 229 952 267 aduersus
983 242 1065 268 rem
1095 227 1296 280 publicam
1326 241 1423 268 esse.

91 294 305 346 Latiorque
333 302 372 335 et
401 306 442 334 re
470 300 509 333 et
538 292 716 344 personis
747 293 928 344 quaestio
957 293 1039 333 fieri
1078 295 1186 334 haud
1222 295 1426 334 abnuente

89 359 282 400 dictatore
302 359 388 400 sine
408 361 487 399 fine
508 360 586 398 ulla
607 358 850 410 quaestionis
879 372 973 399 suae
1003 359 1063 399 ius
1093 374 1190 400 esse.
1250 361 1426 400 Postula·
1448 380 1487 403 10

91 425 233 465 bantur
245 438 338 476 ergo
354 425 507 464 nobiles
523 423 705 464 homines
717 424 1092 476 appellantibusque
1109 427 1288 466 tribunos
1305 439 1425 466 nemo

90 499 171 532 erat
190 491 337 530 auxilio
357 490 454 542 quin
481 492 644 529 nomina
667 490 946 542 reciperentur.
1008 493 1109 531 Inde
1130 491 1328 541 nobilitas,
1351 505 1426 531 nec
1451 508 1483 530 ir

90 556 115 596 ii
146 558 270 597 modo
299 556 339 595 in
369 569 469 607 quos
499 555 649 595 crimen
679 556 959 598 intendebatur
990 558 1061 597 sed
1091 557 1277 605 uniuersi,
1309 557 1426 598 simul

89 635 233 674 negare
269 621 464 662 nobilium
492 621 534 661 id
563 621 711 661 crimen
742 635 828 661 esse
858 621 1015 672 quibus,
1047 622 1078 662 si
1109 624 1218 662 nulla
1247 624 1426 663 obstetur

90 689 238 736 fraude,
257 695 388 739 pateat
402 687 466 727 uia
478 688 529 726 ad
544 689 751 736 honorem,
764 689 834 727 sed
852 687 1060 727 hominurn
1076 702 1272 728 nouorum
1287 704 1298 739 ς
1318 689 1425 741 ipsos
1453 705 1487 727 12

89 754 192 794 adeo
221 753 455 794 dictatorem
486 754 795 805 magistrumque
824 753 1003 804 equitum
1033 768 1120 794 reos
1151 755 1274 806 magis
1305 769 1425 807 quam

2 860 23 874 γ,
89 818 332 870 quaesitores
353 819 519 858 idoneos
539 818 623 858 eius
643 818 817 858 criminis
839 832 924 858 esse
945 818 1295 872 intellecturosque
1315 821 1369 860 ita
1386 822 1425 861 id

3 877 26 921 :⁵
90 898 176 925 esse
196 884 312 924 simul
334 884 559 935 magistratu
579 883 766 924 abissent.

143 952 250 989 Tum
270 949 474 990 enimuero
496 950 692 999 Maenius,
715 950 793 990 iam
815 952 942 991 famae
970 950 1093 1003 magis
1122 965 1243 1003 quam
1273 953 1425 1005 imperii
1452 975 1487 1006 ¹3

20 1021 27 1024 ”
92 1029 253 1063 mernor,
278 1029 502 1067 progressus
524 1015 562 1055 in
585 1015 812 1056 contionem
827 1018 880 1056 ita
901 1017 1022 1056 uerba
1043 1018 1158 1058 feeit:
1187 1022 1197 1039 ‘
1213 1020 1265 1058 Et
1286 1033 1426 1060 omnes
1452 1034 1488 1067 ¹4

90 1089 181 1121 ante
212 1090 323 1121 actae
354 1081 459 1120 uitae
489 1095 561 1121 uos
591 1081 773 1121 conscios
804 1082 943 1130 habeo,
969 1082 1156 1132 Quirites,
1179 1091 1218 1123 et
1248 1084 1313 1124 hic
1342 1086 1426 1137 ipse

90 1148 219 1187 honos
253 1148 406 1187 delatus
438 1148 489 1186 ad
525 1161 589 1187 me
615 1147 724 1187 testis
756 1155 815 1187 est
842 1147 1094 1188 innocentiae
1129 1162 1265 1198 meae3
1295 1164 1426 1202 neque

90 1213 208 1262 enim,
231 1214 342 1264 quod
378 1226 495 1264 saepe
526 1212 630 1261 alias,
661 1213 754 1264 quia
786 1213 839 1252 ita
874 1222 1053 1265 tempora
1087 1216 1342 1265 postulabant
1372 1216 1426 1256 rei

92 1279 284 1331 publicae,
309 1279 375 1330 qui
398 1279 502 1318 bello
523 1278 761 1318 clarissimus
781 1286 896 1327 esset,
918 1280 989 1318 sed
1009 1279 1077 1330 qui
1098 1280 1268 1321 maxime
1289 1285 1425 1334 procul

91 1346 141 1385 ab
171 1345 231 1384 his
263 1344 502 1385 coitionibus
533 1343 654 1383 uitam
686 1344 840 1396 egisset,
861 1346 1031 1384 dictator
1059 1346 1294 1398 deligendus
1323 1362 1426 1388 exer-

90 1411 227 1451 cendis
264 1410 563 1463 quaestionibus
597 1411 681 1450 fuit.
741 1411 830 1459 Sed,
853 1410 1043 1462 quoniam
1078 1413 1240 1463 quidam
1274 1415 1427 1455 nobiles
1454 1433 1489 1464 ¹5

91 1477 409 1528 homines-qua
430 1479 481 1517 de
503 1490 623 1516 causa
642 1490 714 1515 uos
737 1476 959 1516 existimare
975 1490 1095 1528 quam
1117 1491 1181 1518 me
1203 1493 1274 1531 pro
1291 1481 1428 1532 magis-

91 1551 192 1583 tratu
231 1543 444 1595 quicquam
488 1542 778 1593 incompertum
810 1542 941 1582 dicere
971 1542 1111 1584 melius
1141 1546 1428 1598 est—primum

93 1609 196 1661 ipsas
225 1623 448 1662 expugnare
475 1608 726 1660 quaestiones
763 1608 874 1648 omni
901 1622 977 1660 ope
1010 1609 1139 1649 adnisi
1171 1620 1290 1661 sunt3
1322 1612 1427 1662 dein,
1454 1627 1490 1659 16

94 1683 303 1727 postquam
323 1677 374 1716 ad
395 1676 435 1716 id
456 1690 594 1727 parurn
617 1682 800 1726 potentes
827 1682 948 1723 erant,
973 1687 1023 1714 ne
1050 1689 1209 1716 causam
1240 1679 1428 1728 dicerent,

93 1740 132 1779 in
170 1740 364 1792 praesidia
397 1743 723 1789 aduersariorum,
760 1741 1067 1792 appellationem
1102 1750 1141 1782 et
1175 1743 1430 1784 tribunicium

90 1806 290 1855 auxilium,
306 1806 456 1858 patricii
477 1810 738 1858 confugerunt
754 1822 764 1855 ;
799 1813 1001 1857 postremo
1015 1808 1159 1858 repulsi
1180 1808 1432 1850 inde-adeo
1456 1824 1492 1859 ¹7

91 1872 227 1912 ornnia
252 1871 395 1912 tutiora
422 1886 540 1924 quain
571 1880 613 1912 ut
634 1871 904 1912 innocentiam
930 1885 1043 1911 suam
1068 1883 1277 1926 purgarent
1294 1876 1432 1916 uisa——

33 1935 35 1938 ⁴
91 1937 132 1978 in
153 1951 226 1977 nos
247 1937 458 1987 inruerunt,
483 1946 521 1978 et
538 1938 699 1990 priuatis
726 1937 960 1979 dictatorem
994 1952 1158 1989 poscere
1187 1955 1296 1981 reum
1327 1955 1432 1983 uere-

139 2053 174 2074 11
198 2043 219 2074 ii
238 2042 311 2074 dett.
328 2043 418 2084 aliq:
453 2043 485 2074 lii
504 2041 710 2074 MP²TDL=
737 2042 782 2073 hii
802 2041 834 2072 A
852 2052 858 2071 :
885 2041 918 2072 in
935 2041 1014 2076 PF:
1038 2055 1104 2077 om.
1126 2044 1157 2076 Ο
1278 2057 1315 2086 13
1341 2047 1431 2079 Mae-

92 2086 169 2118 nius
191 2085 328 2118 MTDL
354 2087 405 2128 (cf
431 2089 446 2124 ξ
471 2090 531 2126 7““»;
564 2087 696 2118 menius
722 2083 872 2118 PFOA:
909 2088 1066 2119 moenius
1091 2088 1142 2129 Up
1307 2091 1432 2123 contio-

91 2141 169 2162 nem
204 2130 251 2161 D*
279 2130 353 2162 dett.
383 2130 459 2171 aliq.
487 2129 572 2163 Edd.
599 2130 768 2171 plerique:
808 2129 968 2162 contione
1000 2131 1191 2174 MPFUpO
1200 2131 1327 2165 TDLA
1360 2134 1429 2166 edd.

93 2174 195 2206 Rom.
226 2184 308 2214 1472
336 2177 366 2205 et
390 2173 508 2206 Parm.
542 2175 635 2215 1480,
668 2174 727 2205 uix
755 2178 832 2205 recte
1013 2186 1052 2216 14
1077 2177 1286 2209 coitionibus
1303 2177 1436 2210 MPFO

32 2238 35 2242 ι
99 2217 194 2249 TDA
214 2229 222 2250 z
247 2217 474 2249 conitionibus
494 2217 545 2259 Up
564 2218 618 2258 scs.
636 2228 667 2257 3.
686 2228 738 2258 35.
754 2228 775 2257 9
791 2218 888 2256 adn.)
906 2229 914 2250 ε
939 2220 1195 2253 conditionibus
1212 2222 1241 2253 L

97 2270 200 2301 14-15
225 2261 286 2293 suit
301 2285 310 2294 .
330 2287 337 2293 .
358 2286 365 2293 .
383 2272 450 2302 qua
464 2262 507 2293 de
524 2272 589 2294 om.
612 2261 643 2293 O
817 2262 953 2302 quidam
974 2262 1103 2295 TDLA
1119 2265 1278 2306 probanle
1294 2266 1410 2300 Madv.
1428 2279 1434 2298 :

94 2306 229 2345 quidem
247 2303 402 2344 MPFUp
504 2316 603 2345 quam
629 2316 681 2337 me
700 2315 760 2346 pro
786 2305 912 2336 TDLA
930 2317 937 2338 :
962 2317 1083 2346 quame
1102 2318 1163 2347 pro
1181 2319 1233 2341 me
1251 2310 1310 2343 M:
1336 2322 1435 2351 quarn

95 2359 157 2389 pro
178 2359 230 2379 me
247 2347 412 2380 PFOT2:
439 2359 538 2388 quam
557 2360 618 2389 pro
636 2359 712 2380 meo
734 2348 785 2389 Up
803 2362 810 2381 .·
832 2360 899 2390 qua
916 2359 978 2391 pro
995 2361 1048 2382 me
1076 2350 1121 2382 T³
1274 2365 1310 2394 17
1338 2365 1435 2395 qnam

96 2396 130 2423 ut
146 2392 240 2424 MO:
265 2402 364 2432 quarn
384 2391 632 2433 PFUpTDLA
1365 2419 1374 2427 .

1290 2469 1349 2501 17*
