1722 2748
203 122 257 160 VI
285 132 338 171 34
361 139 378 169 5
823 125 943 181 '1‘1‘1‘1
977 125 1093 163 LIVI

285 242 458 286 temptor
489 233 573 274 eius
605 233 838 283 habebatur,
872 234 975 275 filiae
1004 236 1108 276 duae
1141 243 1301 288 nuptae,
1337 239 1418 279 Ser.
1455 239 1633 292 Sulpicio

286 299 422 349 maior,
455 299 585 339 minor
616 299 662 341 C.
698 299 853 340 Licinio
884 301 1038 347 Stoloni
1063 309 1161 363 erat,
1191 302 1330 343 illustri
1354 304 1519 356 quidem
1547 307 1634 346 uiro

286 374 420 406 tamen
456 366 641 417 plebeio·
630 396 641 415 ,
687 380 815 418 eaque
845 366 929 419 ipsa
958 347 1142 413 adfinitas
1172 370 1280 410 baud
1310 379 1440 422 spreta
1468 371 1633 423 gratiam

245 438 266 471 6
287 433 412 473 Fabio
445 434 497 473 ad
525 434 688 484 uolgum
715 433 947 484 quaesierat.
1009 436 1126 483 Forte
1156 434 1210 475 ita
1239 435 1379 490 incidit
1407 445 1450 477 ut
1479 437 1521 478 in
1550 440 1631 479 Ser.

285 499 434 550 Sulpici
461 498 609 539 tribuni
644 499 813 538 militum
844 501 967 540 domo
998 514 1150 541 sorores
1173 501 1319 542 Fabiae
1343 516 1436 543 cum
1455 503 1559 544 inter
1577 518 1631 553 se,

285 572 327 604 ut
349 567 402 612 fit,
426 564 677 605 sermonibus
704 572 862 617 tempus
886 570 1065 616 tererent,
1089 566 1202 608 lictor
1202 568 1384 622 Sulpici,
1407 583 1499 609 cum
1519 569 1554 610 is
1581 571 1634 610 de

285 633 371 671 foro
391 646 433 671 se
445 633 621 674 domum
641 633 842 683 reciperet,
864 634 1001 681 forem,
1019 641 1062 672 ut
1083 647 1169 673 mos
1186 641 1255 682 est,
1274 634 1384 695 uirga
1399 643 1631 691 percuteret7

286 699 390 739 Cum
412 699 463 737 ad
484 697 525 738 id
548 697 667 737 moris
691 697 777 738 eius
801 697 956 738 insueta
981 699 1204 750 expauisset
1231 700 1362 741 minor
1383 701 1517 751 Fabia,
1539 701 1632 742 risui

249 763 408 809 7sorori
440 765 512 803 suit
548 763 705 803 miranti
745 764 924 815 ignorare
957 764 998 804 id
1031 779 1204 806 sororem
1221 781 1232 816 3
1264 775 1441 807 ceterum
1470 766 1503 807 is
1533 767 1638 812 risus,

285 831 465 870 stimulos
508 829 640 881 paruis
694 829 833 869 mobili
880 830 998 870 rebus
1044 830 1179 871 animo
1219 832 1402 872 muliebri
1441 831 1631 872 subdidit·

287 898 318 935 F
321 895 525 948 requentia
547 909 710 947 quoque
734 895 1063 959 prqsequentium
1086 897 1392 950 rogantiumque
1410 911 1510 962 num
1534 897 1633 949 quid

285 964 404 1003 uellet
420 963 540 1002 credo
557 963 800 1002 fortunatum
821 963 1116 1003 matrimonium
1134 964 1168 1003 ei
1186 964 1329 1004 sororis
1344 963 1476 1011 uisum
1491 965 1635 1016 suique

284 1027 411 1079 ipsam
432 1029 536 1067 malo
557 1027 731 1077 arbitrio,
756 1042 838 1080 quo
858 1043 881 1069 a
901 1029 1088 1081 proximis
1109 1030 1279 1082 quisque
1305 1027 1470 1070 minime
1493 1028 1634 1070 anteiri

245 1101 264 1131 8
285 1095 380 1142 uolt,
411 1093 664 1146 paenituisse.
730 1096 950 1136 Confusam
981 1109 1068 1136 earn
1099 1110 1147 1137 ex
1175 1095 1326 1137 recenti
1349 1084 1484 1138 morsu
1509 1095 1632 1136 animi

284 1174 375 1200 cum
391 1167 501 1211 pater
518 1161 619 1200 sorte
634 1159 813 1210 uidisset,
827 1169 1082 1212 percontatus
1099 1161 1243 1203 ‘satin
1264 1162 1436 1202 salue?’
1454 1170 1633 1202 auerten-

284 1234 364 1266 tem
386 1239 545 1266 causam
570 1225 730 1274 doloris,
754 1226 904 1278 quippe
924 1241 999 1267 nec
1020 1228 1113 1268 satis
1124 1228 1233 1280 piam
1248 1229 1440 1268 aduersus
1457 1241 1633 1268 sororem

245 1304 264 1335 9
285 1306 359 1332 nec
389 1292 610 1332 admodum
645 1292 686 1330 in
721 1291 851 1331 uirum
882 1293 1155 1343 honorificam,
1186 1294 1320 1334 elicuit
1347 1293 1515 1334 comiter
1542 1293 1635 1334 scis-

284 1359 459 1406 citando,
480 1365 523 1397 ut
545 1358 732 1397 fateretur
764 1371 852 1397 eam
879 1372 965 1399 esse
992 1373 1152 1399 causam
1179 1359 1340 1409 doloris,
1360 1361 1472 1412 quod
1498 1359 1633 1402 iuncta

284 1424 424 1477 impari
459 1431 573 1472 esset,
610 1432 734 1475 nupta
767 1423 807 1463 in
841 1426 965 1465 domo
994 1439 1114 1477 quarn
1145 1440 1220 1466 nec
1248 1427 1378 1466 honos
1405 1439 1483 1467 nec
1509 1425 1633 1478 gratia

230 1508 267 1530 10
286 1491 428 1531 intrare
462 1497 607 1542 posset.
672 1491 898 1531 Consolans
930 1491 1024 1531 inde
1062 1492 1183 1531 filiam
1218 1493 1441 1532 Ambustus
1478 1491 1632 1532 bonum

284 1557 461 1598 animum
493 1557 641 1596 habere
674 1555 810 1595 iussit:
851 1559 1015 1597 eosdem
1046 1557 1278 1609 propediem
1312 1557 1424 1598 domi
1458 1557 1631 1598 uisuram
1678 1579 1683 1584 ·

229 1642 260 1665 ιι
284 1626 456 1664 honores
477 1636 578 1674 quos
600 1622 709 1673 apud
731 1636 906 1662 sororem
930 1623 1074 1663 uideat.
1134 1625 1236 1663 Inde
1249 1622 1414 1664 consilia
1427 1622 1525 1663 inire
1540 1636 1631 1663 cum

283 1703 430 1742 genero
464 1687 607 1739 coepit,
644 1687 828 1727 adhibito
862 1689 905 1727 L.
940 1688 1085 1737 Sextio,
1117 1696 1280 1728 strenuo
1309 1689 1567 1730 adulescente
1594 1695 1634 1728 et

284 1755 396 1795 cuius
417 1754 499 1806 spei
521 1753 619 1793 nihil
642 1761 795 1805 praeter
815 1767 940 1805 genus
961 1755 1167 1805 patricium
1187 1755 1355 1794 deesset.

215 1826 267 1867 35
339 1819 510 1861 Occasio
543 1819 753 1859 uidebatur
784 1832 914 1859 rerum
941 1820 1216 1859 nouandarum
1243 1826 1405 1871 propter
1429 1817 1630 1871 ingentem

284 1887 365 1926 uim
405 1886 506 1926 aeris
539 1885 668 1933 alieni,
708 1884 820 1924 cuius
856 1886 1040 1925 leuamen
1074 1885 1167 1924 mali
1202 1886 1338 1936 plebes
1368 1884 1445 1924 nisi
1477 1884 1558 1925 suis
1592 1884 1633 1925 in
1690 1915 1694 1933 2

285 1967 444 1993 summo
476 1951 643 2004 imperio
675 1951 814 1990 locatis
845 1952 998 1990 nullum
1026 1958 1221 2002 speraret:
1258 1950 1551 2003 accingendum
1581 1952 1633 1991 ad
1680 1952 1686 1979 ἕ

247 2030 264 2054 ²
287 2032 374 2059 eam
398 2017 680 2069 cogitationem
704 2031 815 2065 esse3
843 2016 1029 2056 conando
1048 2017 1286 2068 agendoque
1306 2015 1384 2056 iam
1401 2030 1451 2056 eo
1465 2017 1631 2068 gradum
1679 2015 1693 2049 ’ἓ

329 2126 352 2157 6
377 2124 546 2164 reciperet
563 2119 995 2161 MPFUpBOEFfflLffl
1011 2131 1019 2152 :
1043 2122 1215 2162 reciperat
1232 2120 1281 2152 T:
1306 2126 1482 2160 receperat
1492 2119 1628 2158 HD?A
1682 2122 1692 2153 .³

354 2171 462 2201 sorem
481 2165 877 2199 MPFBOEHTDLA:
902 2166 996 2197 sores
1016 2164 1067 2206 Up
1202 2165 1223 2195 8
1248 2164 1342 2196 salue
1360 2164 1637 2196 MPFBOEHT
1678 2152 1691 2188 1τῖ

288 2212 352 2245 DL
358 2214 413 2244 A:
438 2213 553 2244 saluae
568 2211 619 2252 Up
637 2210 690 2250 (cf.
707 2221 756 2242 ῐο.
773 2211 821 2240 18.
842 2210 896 2247 ΙΙ)
1018 2220 1040 2250 9
1062 2219 1160 2249 quam
1178 2207 1632 2249 MPFUpBOEHTDLA·
1687 2244 1689 2247 ξ

288 2257 322 2288 ἱη
335 2267 434 2297 quam
448 2255 610 2296 Sigonius
626 2264 663 2285 ex
678 2255 757 2285 ‘.uet
771 2253 835 2284 Ii.'b
851 2252 905 2293 (de
917 2263 981 2293 quo
996 2253 1157 2284 exclamat
1174 2252 1326 2283 Gebhard
1347 2251 1457 2293 ‘quod
1470 2251 1632 2284 adiectum
1650 2249 1660 2256 ²

285 2304 335 2334 est
353 2301 395 2332 ab
413 2299 532 2341 putido
549 2299 716 2339 mterprete
729 2295 944 2338 paedagogo'
949 2319 957 2338 ‚
978 2300 1065 2334 recte,
1081 2307 1110 2328 ει
1128 2296 1346 2337 uehementer)
1681 2298 1685 2307 ἲ

332 2350 384 2388 35
411 2352 425 2375 1
451 2342 596 2383 imperio
615 2339 994 2382 PFUpBEHTDLA:
1019 2340 1080 2380 def
1101 2339 1156 2371 0:
1182 2341 1314 2380 proelio
1330 2340 1373 2371 M
