1722 2748
181 137 240 175 VI
268 147 311 183 13
333 154 351 182 4
791 136 912 175 TITI
945 136 1062 174 LIVI

227 258 244 289 5
266 247 422 287 interim
446 246 690 288 multitudini
711 248 875 287 darent:
905 247 998 285 satis
1026 260 1111 286 esse
1142 245 1357 287 missilibus
1382 234 1610 293 lac'terrore

267 312 449 365 impediri
477 327 635 353 cursum
669 311 1025 363 obequitandoque
1052 326 1195 364 agmen
1223 311 1348 352 teneri
1372 313 1470 352 durn
1497 313 1611 358 adse-

227 383 247 415 6
268 378 335 430 qui
365 380 487 430 pedes
515 386 554 418 et
581 380 683 418 iusta
713 378 835 417 caede
863 378 1059 416 conficere
1086 378 1243 416 hostem
1271 385 1418 428 posset.
1475 379 1610 429 Fugae

266 444 542 496 sequendique
565 458 645 484 non
666 451 759 483 ante
781 451 939 482 noctem
961 442 1050 481 finis
1071 442 1155 482 suit.
1213 442 1344 494 Capta
1370 456 1534 494 quoque
1557 455 1609 490 ‘ac

267 510 421 561 direpta
436 511 579 550 eodem
596 511 662 549 die
675 517 801 548 castra
814 509 1053 547 Volscorum
1070 509 1297 559 praedaque
1310 507 1441 548 omnis
1457 515 1612 560 praeter

228 585 244 620 7
267 576 390 616 libera
410 589 575 627 corpora
597 575 709 614 militi
731 587 922 614 concessa
941 581 1012 613 est.
1063 575 1157 612 Pars
1174 573 1346 613 maxima
1358 573 1611 625 captiuorum

267 656 314 683 ex
344 641 495 682 Latinis
525 649 644 692 atque
661 640 864 692 ⁸Hernicis
894 639 977 688 fuit,
1000 653 1075 679 nec
1102 639 1312 679 hominum
1336 640 1389 680 de
1415 639 1545 691 plebe,
1568 647 1611 679 ut

266 708 374 754 credi
394 715 528 759 posset
551 708 735 746 mercede
757 705 956 754 militasse,
978 706 1050 745 sed
1069 705 1268 757 principes
1288 706 1454 757 quidam
1475 704 1612 746 iuuen-

267 775 360 814 tutis
395 773 559 823 inuenti,
596 761 807 812 manifesta
840 773 940 812 fides
973 771 1135 824 publica
1167 785 1245 823 ope
1274 772 1445 811 Volscos
1474 772 1611 812 hostes

226 851 246 882 S
265 840 435 880 adiutos.
495 838 783 881 Circeiensium
811 851 974 890 quoque
1000 838 1164 889 quidam
1192 836 1340 888 cogniti
1365 844 1405 877 et
1430 836 1564 877 coloni
1587 851 1612 876 a

266 905 426 946 Velitris
439 920 450 955 3
478 907 735 956 Romamque
748 917 888 944 onmes
901 903 1010 943 missi
1027 902 1355 955 percontantibus
1370 902 1611 955 primoribus

267 980 422 1024 patrum
439 972 581 1011 eadem
603 984 706 1021 quae
723 968 906 1010 dictatori
923 970 1191 1009 defectionem
1209 968 1270 1008 sui
1285 961 1458 1020 quisque
1473 967 1612 1021 populi

267 1039 375 1078 haud
396 1039 580 1090 perplexe
602 1037 840 1077 indicauere.

203 1116 246 1156 14
325 1102 507 1143 Dictator
540 1102 754 1143 exercitum
795 1101 835 1140 in
871 1100 1022 1140 statiuis
1056 1100 1233 1150 tenebat,
1263 1099 1430 1141 minime
1462 1099 1611 1142 dubius

266 1170 415 1209 bellum
445 1183 539 1208 cum
570 1168 616 1207 iis
649 1167 806 1220 populis
841 1174 971 1218 patres
1002 1165 1188 1214 iussuros,
1220 1179 1312 1205 cum
1345 1166 1471 1206 maior
1499 1164 1610 1206 domi

265 1242 400 1275 exorta
429 1235 555 1275 moles
585 1234 716 1285 coegit
744 1233 861 1273 acciri
898 1235 1068 1272 Romam
1098 1245 1190 1271 eum
1223 1233 1415 1283 gliscente
1450 1231 1492 1272 in
1525 1231 1611 1272 dies

267 1301 474 1349 seditione,
507 1314 628 1352 quam
665 1299 783 1339 solito
815 1298 937 1350 magis
970 1299 1227 1337 metuendam
1258 1305 1397 1338 auctor
1425 1297 1610 1347 faciebat.

229 1379 244 1400 2
269 1368 363 1406 Non
382 1366 490 1406 enim
511 1366 588 1405 iam
605 1365 805 1405 orationes
827 1365 949 1404 modo
968 1365 1023 1402 M.
1042 1362 1169 1402 Manli
1185 1364 1256 1403 sed
1276 1364 1391 1413 facta,
1407 1363 1614 1416 popularia

267 1431 309 1471 in
334 1433 519 1484 speciem,
543 1433 788 1471 tumultuosa
815 1431 968 1478 eadem,
992 1443 1071 1481 qua
1092 1436 1225 1469 mente
1253 1430 1393 1469 fierent
1419 1426 1613 1470 intuenda

230 1507 247 1538 3
267 1505 390 1538 erant.
449 1497 747 1545 Centurionem,
771 1496 949 1536 nobilem
981 1495 1215 1535 militaribus
1245 1497 1368 1543 sactis,
1391 1495 1612 1536 iudicatum

267 1565 460 1614 pecuniae
479 1578 571 1603 cum
593 1563 686 1604 duci
709 1563 885 1610 uidisset,
910 1563 1044 1601 medio
1065 1562 1149 1601 foro
1168 1575 1261 1601 cum
1282 1569 1442 1602 caterua
1461 1575 1534 1602 sua
1551 1576 1613 1602 ac-

268 1629 385 1668 currit
401 1637 440 1669 et
462 1643 624 1668 manum
647 1627 781 1668 iniecit
798 1643 808 1676 5
838 1628 1157 1678 uociferatusque
1177 1628 1228 1666 de
1249 1627 1435 1678 superbia
1454 1635 1611 1679 patrum

266 1709 313 1735 ac
333 1694 566 1735 crudelitate
588 1695 853 1737 feneratorum
877 1701 916 1732 et
939 1691 1103 1731 miseriis
1123 1692 1262 1743 plebis,
1285 1691 1498 1732 uirtutibus
1527 1691 1612 1732 eius

226 1779 245 1809 4
256 1760 340 1799 'uiri
356 1761 603 1811 fortunaque,
626 1762 841 1813 ‘tum‘uero
857 1759 946 1808 ego'
963 1756 1091 1808 inquit
1107 1757 1366 1808 ‘nequiquam
1383 1758 1460 1797 hac
1474 1759 1612 1798 dextra

267 1826 509 1878 Capitolium
538 1837 752 1875 arcemque
783 1823 1033 1870 seruauerim,
1065 1822 1096 1862 si
1127 1822 1256 1862 ciuem
1281 1822 1614 1863 commilitonem-

266 1906 345 1942 que
366 1906 500 1931 meum
521 1899 726 1942 tamquam
749 1891 875 1930 Gallis
898 1889 1115 1928 uictoribus
1137 1897 1296 1940 captum
1318 1890 1358 1928 in
1381 1888 1611 1929 seruitutem
1641 1886 1643 1889 ’

228 1967 245 1999 5
265 1972 312 1997 ac
334 1958 493 1997 uincula
514 1956 606 1997 duci
629 1957 815 1996 uideam.'
880 1957 981 1996 Inde
1002 1970 1084 1996 rem
1105 1955 1290 1995 creditori
1310 1956 1442 2006 palam
1462 1955 1614 2007 populo

266 2023 385 2063 soluit
405 2023 585 2074 libraque
601 2029 640 2062 et
663 2036 752 2062 aere
776 2022 986 2062 liberatum
1008 2021 1162 2070 emittit,
1178 2023 1277 2061 deos
1291 2029 1413 2072 atque
1428 2010 1612 2060 homines

266 2086 533 2131 obtestantem
569 2096 612 2128 ut
649 2090 705 2127 M.
743 2090 909 2137 Manlio,
944 2088 1142 2128 liberatori
1178 2101 1261 2135 suo,
1299 2085 1451 2139 parenti
1485 2084 1614 2138 plebis

314 2207 330 2237 7
356 2196 530 2231 homiuum
558 2185 951 2234 MPUpOEHTDLA:
976 2194 1125 2225 omnium
1155 2191 1252 2224 F³in
1272 2203 1337 2224 ras.
1356 2191 1399 2233 Β,
1427 2191 1618 2230 tet-coniecit

269 2241 399 2278 siesbye
530 2239 551 2269 8
576 2248 697 2269 omnes
714 2262 722 2270 .
742 2261 750 2269 .
770 2262 777 2269 .
797 2248 939 2277 quisque
954 2235 1363 2278 MPFUpBOETDLA:
1387 2246 1455 2268 om.
1473 2235 1517 2268 H

312 2291 355 2324 14
384 2294 395 2315 1
426 2284 467 2315 iis
484 2281 707 2314 MPFBOE:
726 2282 779 2313 his
793 2280 954 2319 HTDL:
979 2282 1044 2312 hiis
1057 2281 1090 2312 A
1203 2291 1223 2311 2
1246 2281 1408 2312 intuenda
1424 2271 1624 2321 MPFUpBJ
1675 2285 1678 2294 ⁴

271 2326 506 2359 OEHTDLA
529 2328 561 2357 (i.
575 2337 602 2358 e.
618 2326 793 2356 orationes
809 2328 839 2356 et
855 2325 955 2357 sacta}
973 2336 982 2356 ε
1006 2325 1150 2357 intuenti
1169 2324 1270 2357 Gron.
1287 2324 1421 2366 (optime
1437 2322 1572 2364 quidem
1586 2322 1618 2355 si

268 2371 352 2411 quid
374 2370 585 2402 mutandum
607 2374 677 2406 est;
699 2368 758 2400 sed
776 2369 814 2409 cf
840 2369 902 2401 Czc.
930 2368 969 2400 de
989 2369 1100 2401 Amic.
1124 2378 1173 2408 17.
1192 2370 1237 2413 §3
1250 2368 1390 2409 quidam
1410 2377 1515 2408 saepe
1536 2377 1614 2409 per·

269 2416 456 2491 stplig’ituntur
479 2425 579 2489 quagn
603 2414 673 2446 sint
690 2413 802 2453 leues)
821 2423 830 2445 ς
852 2412 993 2444 uerbum
1009 2412 1133 2444 intueri
1150 2413 1211 2444 hoc
1226 2423 1325 2444 sensu
1349 2414 1494 2453 usurpat
1507 2409 1612 2451 Qm‘nss
1667 2438 1669 2443 .

362 2479 370 2491 ».
392 2469 422 2499 5.
442 2469 490 2489 10.
511 2468 530 2489 2
