1722 2748
253 158 359 195 VIII
381 167 427 204 31
450 175 466 206 7
869 157 988 196 TITI
1022 159 1139 196 LIVI

337 268 446 306 uelut
481 266 521 305 in
552 275 670 319 capto
702 266 875 307 exercitu
910 266 1183 306 dominantem
1218 267 1416 319 quidquid
1449 269 1601 310 licuerit
1634 272 1674 309 in
1708 261 1711 265 ¹

298 343 316 372 8
338 332 525 384 magistro
544 333 723 384 equitum
751 332 790 372 in
816 332 1006 372 militibus
1035 346 1237 372 ausurum.
1293 333 1462 386 proinde
1489 336 1675 376 adessent

336 397 379 437 in
412 412 483 438 sua
514 412 633 438 causa
663 399 843 438 omnium
879 392 1074 438 libertati.
1131 398 1163 437 si
1201 412 1443 440 consensum
1481 401 1674 441 exercitus

337 466 511 505 eundem
541 465 609 516 qui
639 465 678 504 in
709 464 860 517 proelio
889 464 1005 504 suerit
1033 465 1074 504 in
1103 465 1254 504 tuenda
1282 465 1448 506 uictoria
1473 466 1607 507 uideat
1636 474 1676 507 et

336 532 506 570 salutern
526 530 643 570 unius
664 530 851 570 omnibus
875 544 993 570 curae
1013 543 1111 579 esse,
1133 525 1414 570 inclinaturum
1433 532 1487 572 ad
1506 533 1675 572 clemen-

296 609 317 641 9
336 597 477 636 tiorem
498 596 736 636 sententiam
755 597 949 635 animum.
989 603 1193 647 postremo
1213 609 1256 635 se
1271 595 1396 636 uitam
1416 597 1674 650 fortunasque

264 673 316 712 32
336 675 427 700 suas
457 661 615 701 illorum
642 661 734 701 fidei
765 661 980 713 uirtutique
1007 661 1246 712 permittere.
1360 663 1521 703 Clamor
1547 677 1571 704 e
1591 670 1677 703 tota

336 727 524 771 contione
553 735 675 776 ortus,
695 726 751 767 uti
778 727 933 767 bonum
961 727 1141 767 animum
1171 727 1362 770 haberet:
1391 727 1594 769 neminem
1620 728 1675 769 illi

336 793 419 832 uim
439 795 647 833 allaturum
667 793 787 833 saluis
806 793 1030 845 legionibus
1052 793 1257 834 Romanis.

392 860 517 899 Haud
537 860 664 900 multo
692 867 782 911 post
812 859 983 899 dictator
1009 858 1174 899 aduenit
1201 859 1450 912 classicoque
1475 862 1675 914 extemplo

299 941 316 964 2
336 926 388 965 ad
408 925 640 965 contionem
658 924 883 965 aduocauit.
934 927 1041 964 Tum
1061 924 1221 964 silentio
1240 927 1346 966 sacto
1365 939 1511 978 praeco
1531 927 1582 978 Q.
1605 928 1675 967 Fa-

335 990 448 1030 bium
482 990 710 1042 magistrum
742 989 923 1042 equitum
954 989 1092 1029 citauit
1109 1004 1120 1039 3
1158 989 1228 1042 qui
1261 989 1378 1030 simul
1411 1005 1461 1031 ex
1492 991 1674 1032 inferiore

297 1073 315 1104 3
335 1057 427 1096 loco
446 1058 499 1096 ad
517 1056 689 1096 tribunal
707 1055 885 1105 accessit,
907 1063 994 1096 tum
1022 1055 1193 1096 dictator
1221 1058 1392 1108 ‘quaero
1405 1058 1415 1076 ’
1435 1056 1564 1108 inquit
1596 1059 1608 1079 ‘
1622 1058 1674 1098 de

337 1129 387 1170 te,
411 1123 462 1172 Q.
485 1121 594 1170 Fabi,
617 1135 709 1161 cum
730 1134 933 1161 summum
952 1120 1165 1172 imperium
1188 1120 1392 1161 dictatoris
1419 1122 1470 1162 sit
1498 1131 1675 1174 pareant-

337 1200 416 1239 que
445 1189 481 1226 ei
509 1188 704 1235 consules,
736 1187 842 1239 regia
870 1194 1059 1239 potestas,
1083 1194 1295 1238 praetores,
1317 1186 1461 1227 iisdem
1487 1187 1672 1240 auspiciis

335 1252 481 1305 quibus
511 1255 695 1293 consules
725 1252 855 1302 creati,
878 1266 1054 1304 aequum
1086 1265 1250 1292 censeas
1280 1265 1408 1293 necne
1442 1253 1671 1306 magistrum

335 1383 449 1392 .....
467 1359 710 1398 exstinxisset;
742 1357 800 1390 sed
823 1357 898 1389 inde
926 1358 961 1389 in
989 1357 1032 1388 M
1053 1349 1243 1398 sequuntur
1264 1357 1414 1390 minetur
1437 1368 1548 1408 neque
1575 1357 1670 1391 illum

337 1414 423 1444 mag.
460 1404 608 1444 equitum
637 1403 643 1442 Ι
673 1403 901 1434 dominantem
934 1406 1022 1434 etc.:
1049 1406 1163 1433 contra
1193 1402 1228 1433 in
1259 1400 1376 1442 PFUp
1407 1405 1560 1434 continuo
1592 1407 1671 1444 post

336 1447 558 1479 exstinxisset
577 1449 765 1488 sequuntur
777 1446 1006 1477 dominantem
1024 1450 1088 1477 etc.
1145 1444 1364 1486 Manifestum
1380 1449 1429 1477 est
1439 1446 1555 1487 primo
1572 1456 1667 1478 uoces

335 1492 484 1524 minetur
498 1514 507 1523 .
526 1515 535 1524 .
555 1515 561 1522 .
579 1490 728 1531 equitum
745 1491 899 1528 omissas,
918 1489 991 1521 dein
1008 1489 1096 1520 duas
1111 1488 1174 1520 has
1189 1499 1309 1520 uocum
1323 1489 1422 1520 series
1435 1489 1584 1521 minetur
1600 1514 1609 1523 .
1627 1514 1635 1523 .
1655 1515 1664 1524 .

335 1535 485 1576 equitum
510 1538 539 1565 et
562 1539 641 1566 tunc
663 1533 828 1565 uictorem
846 1556 854 1564 .
874 1557 881 1564 .
899 1557 907 1566 .
927 1533 1079 1564 exercitu
1105 1533 1148 1564 ab
1168 1543 1237 1564 uno
1261 1533 1443 1564 restitutore
1470 1534 1526 1575 (ut
1546 1533 1582 1566 in
1602 1533 1664 1574 M)

333 1579 418 1611 inter
425 1589 458 1610 se
466 1581 615 1610 mutatas
627 1588 702 1618 esse,
715 1577 756 1609 ab
772 1577 872 1608 altero
889 1577 1068 1608 restitutore
1085 1576 1138 1617 (ut
1154 1576 1189 1607 in
1205 1575 1334 1619 PFUp)
1352 1586 1459 1608 unam
1474 1576 1663 1618 neglectam,

333 1624 471 1655 alteram
490 1623 525 1653 in
549 1622 615 1653 Ioco
639 1631 706 1653 non
727 1631 789 1652 suo
812 1620 971 1652 insertam
994 1630 1062 1651 esse
1082 1620 1135 1660 (cf.
1161 1631 1184 1652 e.
1190 1631 1226 1662 g.
1247 1631 1298 1653 10.
1321 1622 1374 1659 36.
1399 1630 1438 1661 2;
1463 1630 1496 1661 9.
1525 1621 1575 1653 18.
1605 1631 1667 1662 143

335 1678 366 1707 7.
383 1677 436 1707 27.
458 1676 470 1697 1
486 1676 495 1706 3
520 1676 551 1706 4.
568 1676 597 1706 7.
619 1675 670 1706 10,
689 1675 746 1702 11;
771 1669 799 1696 et
809 1665 838 1696 8.
852 1665 882 1697 8.
896 1675 915 1704 4
928 1663 1038 1702 adm).
1067 1663 1143 1703 Quo
1154 1663 1254 1695 modo
1270 1664 1416 1696 minetur
1433 1688 1440 1696 .
1458 1688 1468 1696 .
1487 1688 1495 1697 .
1513 1665 1667 1706 equitum

334 1710 406 1752 (uel
427 1715 506 1742 tunc
529 1710 647 1742 uictori
669 1733 677 1741 .
697 1731 706 1740 .
727 1734 734 1741 .
756 1709 923 1749 equitum)
948 1706 1095 1739 excident
1120 1707 1173 1749 (ob
1198 1718 1289 1740 uoces
1312 1718 1400 1748 mag.
1421 1719 1474 1749 eq.
1503 1709 1666 1751 repetitas)

334 1754 491 1786 omnibus
508 1754 653 1795 planum
670 1756 716 1784 est
724 1764 737 1790 ,·
758 1756 788 1783 et
801 1763 861 1783 cur
880 1752 1001 1783 scribae
1023 1751 1126 1783 lineas
1148 1753 1194 1783 sic
1210 1756 1383 1794 perperam
1401 1754 1608 1785 mutauerint
1629 1753 1667 1784 in

328 1798 533 1839 praefatione
548 1801 670 1836 nostra,
692 1799 730 1835 §§
744 1808 786 1836 44
802 1807 870 1837 sqq.
887 1796 1041 1837 explicare
1056 1796 1167 1828 conati
1174 1807 1306 1828 sumus.
1357 1796 1452 1828 Voces
1467 1797 1545 1829 illae
1555 1797 1591 1828 in
1611 1800 1628 1837 5
1646 1806 1668 1836 5

334 1848 413 1873 tunc
437 1842 568 1882 uictori,
587 1852 672 1881 quas
695 1841 754 1871 dat
777 1839 987 1879 Oxotzr'e’rzszls,
1004 1840 1056 1871 hic
1077 1841 1194 1872 inanes
1217 1851 1284 1872 non
1306 1843 1389 1871 sunt
1410 1840 1470 1871 sed
1494 1844 1547 1883 (ut
1565 1842 1666 1873 etiam

334 1886 504 1917 editoribus
531 1886 692 1917 ueteribus
715 1884 928 1925 uidebantur)
956 1885 1132 1916 sententiae
1155 1885 1216 1916 toti
1238 1884 1315 1916 bene
1340 1887 1552 1926 congruunt:
1577 1885 1667 1926 infra

338 1930 386 1969 (in
406 1931 467 1969 §73
486 1940 578 1961 uoces
595 1934 673 1961 tunc
690 1929 862 1969 uictorem,
880 1930 914 1961 si
932 1939 999 1960 non
1017 1934 1160 1971 prorsus
1182 1929 1299 1960 sensui
1309 1929 1565 1970 incongruentes,
1590 1933 1668 1961 certe

334 1979 590 2015 superuacaneae
613 1978 694 2005 sunt
720 1977 750 2004 et
773 1985 811 2005 cx
838 1973 962 2005 ratione
984 1973 1089 2014 spatii
1106 1972 1209 2005 lineae
1242 1974 1418 2013 unicuique
1435 1973 1596 2014 permissi
1618 1983 1666 2005 re-

334 2017 473 2049 iciendae
481 2029 494 2055 ,1
518 2028 654 2049 necnon
673 2021 704 2048 et
725 2018 832 2049 tribus
855 2018 969 2057 soeibis
989 2019 999 2057 ζ
1004 2016 1117 2057 DLA,
1142 2017 1225 2049 adde
1252 2017 1332 2050 Lov.
1350 2027 1370 2055 4
1391 2020 1423 2048 et
1444 2015 1525 2049 Lov.
1547 2020 1583 2053 2)
1602 2027 1669 2049 uox

337 2061 496 2093 uictorem
522 2065 592 2093 tam
617 2061 749 2093 obscure
769 2063 889 2103 scripta
917 2061 1090 2093 uidebatur
1104 2065 1143 2093 ut
1164 2061 1202 2093 de
1223 2059 1314 2092 Casu
1337 2061 1408 2092 eius
1428 2059 1540 2092 incerti
1552 2064 1665 2102 essent,
1720 2059 1722 2061 ’

335 2105 371 2145 cf.
398 2116 455 2146 eg.
484 2116 532 2137 10.
557 2117 611 2146 37.
638 2117 657 2136 2
682 2105 785 2146 adn.;
814 2117 863 2137 10.
890 2115 942 2145 24.
962 2115 983 2144 3
1001 2104 1105 2145 <A²),·
1128 2105 1271 2146 etpraef.
1293 2107 1454 2145 nostram,
1476 2107 1558 2145 547.
1604 2103 1672 2136 Nec

337 2150 515 2181 mirabitur
529 2151 705 2191 quisquam
733 2150 823 2191 quod
842 2153 872 2180 et
894 2154 972 2181 tunc
1000 2149 1120 2180 uictori
1146 2149 1178 2189 (ξ
1198 2150 1232 2188 5)
1250 2152 1280 2180 et
1295 2154 1374 2180 tunc
1396 2149 1561 2180 uictorem
1580 2149 1614 2190 (5
1633 2149 1668 2191 7)
1719 2170 1722 2171 ν

335 2193 463 2234 scripsit
479 2193 518 2233 O,
538 2195 571 2226 si
585 2194 809 2234 recordabitur,
837 2204 861 2226 e.
871 2204 908 2234 g,
933 2203 962 2234 7.
990 2203 1041 2233 27.
1065 2203 1078 2223 1
1098 2192 1177 2224 adn.
1194 2204 1202 2232 ;
1231 2203 1280 2224 10.
1299 2203 1330 2224 2.
1350 2201 1370 2232 5
1386 2192 1462 2224 adn.
1480 2203 1488 2232 ;
1511 2193 1543 2224 8.
1563 2202 1616 2232 24.
1635 2203 1669 2233 4,
1718 2199 1722 2211 ¹

338 2237 395 2267 ubi
406 2238 526 2268 scribae
541 2238 575 2269 in
594 2239 727 2270 uocibus
751 2236 944 2280 reponendis
966 2236 1150 2268 nonnullas
1169 2236 1217 2267 bis
1242 2235 1333 2268 dant.
1381 2235 1504 2278 [Plura
1529 2235 1603 2268 uide
1625 2237 1672 2267 sis
1720 2275 1722 2277 ι

338 2280 371 2310 ιἰι
382 2282 483 2321 praef.
505 2286 628 2323 nostra,
649 2285 686 2321 §5
706 2293 748 2322 44
764 2281 851 2322 sqq-‘l

382 2331 427 2363 32
454 2335 467 2355 1
494 2325 619 2357 clamor
637 2337 656 2357 e
680 2324 923 2366 PFUpT²A³:
960 2324 1089 2356 clamor
1104 2325 1122 2355 ὅ
1141 2322 1323 2356 MOHA22
1357 2323 1507 2355 clamore
1530 2322 1599 2354 DA
1619 2324 1674 2363 (ut
1720 2332 1722 2362 j

340 2367 484 2403 uidetur)
500 2379 508 2400 :
523 2369 669 2402 clamore
681 2369 709 2400 L
724 2384 732 2402 ·.
759 2369 940 2400 clamorem
959 2367 1002 2400 T:
1020 2367 1148 2399 clamor
1159 2372 1211 2398 est
1221 2366 1294 2398 dett.
1308 2367 1383 2408 aliq.
1516 2377 1537 2398 2
1553 2366 1595 2406 Q.
1611 2367 1678 2399 PF
1718 2382 1722 2406 ς

343 2409 501 2452 UpOT2:
528 2423 591 2445 om.
612 2411 823 2444 MHTDLA
982 2421 1003 2452 3
1028 2411 1148 2443 iisdem
1164 2410 1246 2443 Ax:
1276 2410 1383 2443 isdem
1400 2408 1514 2443 HT²:
1538 2409 1668 2443 hisdem
1718 2408 1722 2419 ⁵

1715 2425 1722 2502 l

1712 2646 1722 2748 ...sarova
