1722 2748
787 159 1109 198 PRAEFATIO

338 271 391 324 (b)
425 287 471 312 ex
511 273 599 313 cod.
639 269 910 311 vormatiensi
957 270 1066 319 nihil,
1107 270 1183 310 nisi
1231 284 1374 310 uocem
1413 270 1625 310 discordiae

279 331 316 376 ⁴6.
339 352 400 389 31.
426 341 460 387 6,
483 346 572 390 post
594 341 628 377 6.
655 339 714 376 28.
738 349 756 388 7
779 336 873 376 citat
892 337 1113 376 Rhenanus
1131 335 1229 387 (uid.
1252 336 1271 386 §
1293 336 1362 388 4²)
1381 349 1391 385 3

337 404 384 456 (c)
418 403 568 443 codicis
591 402 852 443 Floriaeensis
872 400 970 455 (uid.
993 402 1013 452 §
1037 401 1102 454 14)
1122 400 1165 441 in
1189 402 1264 441 hac
1290 409 1402 453 parte
1423 401 1623 453 perierunt

282 471 364 509 duo
385 470 477 509 folia
503 484 560 508 10.
585 483 647 520 34.
670 471 816 509 6—10.
837 481 900 519 39.
924 481 947 518 3
968 466 1243 516 continentia3

335 533 394 587 (d)
424 536 549 575 cbdex
570 533 818 586 Upsaliensis
839 534 876 585 (ξ
902 533 967 587 15)
985 533 1038 572 ab
1058 533 1226 572 uocibus
1245 533 1332 571 iure
1349 533 1520 573 iurando
1538 530 1620 585 (10.

283 603 344 652 38.
369 600 410 655 9)
430 614 557 652 usque
577 601 629 640 ad
650 601 770 639 finem
793 600 968 639 Decadis
994 598 1113 638 huius
1140 597 1183 638 in
1212 612 1315 638 aeuo
1343 598 1454 650 quod
1478 606 1626 638 uocant

285 667 418 707 medio
457 665 599 718 periit3
637 667 962 717 supplementum
993 666 1138 703 ‘manu
1167 663 1410 704 recentiore'
1432 665 1623 716 scriptum

282 739 352 780 est,
374 746 495 783 quam
523 739 574 783 up
597 745 815 780 uocamus;
843 731 915 770 sed
945 729 1190 782 ubicumque
1213 729 1385 782 repperit
1408 731 1626 782 Haggstro-

285 797 386 837 mius
407 803 458 848 up
478 798 518 836 in
539 798 614 836 hac
635 804 746 849 parte
765 794 856 836 libri
872 809 898 836 a
915 796 999 836 PF
1010 796 1245 847 discrepare,
1267 803 1408 835 contra
1427 809 1521 835 cum
1542 795 1625 834 PF

283 863 508 904 consentire
523 864 613 903 cod.
633 862 990 914 Guelferbytanum
1004 863 1065 901 XI
1084 860 1242 910 saeculi,
1260 875 1380 913 quem
1397 862 1463 901 ille
1484 862 1534 909 G,
1551 875 1626 901 nos

289 931 360 969 Gb.
381 942 583 978 uocamus,
606 928 821 968 lectionem
842 927 960 968 huius
980 927 1132 967 codicis
1151 940 1309 978 semper
1326 926 1560 967 addidimus
1576 941 1589 977 3

338 993 388 1047 (e)
424 995 512 1035 cod.
536 993 843 1046 Bambergensis
868 992 905 1047 (ξ
930 993 995 1045 16)
1017 1007 1108 1033 cum
1136 992 1305 1033 uocibus
1330 993 1484 1044 agmine
1508 993 1629 1032 incide

283 1061 335 1113 (7.
364 1070 416 1109 17.
442 1060 481 1112 3)
497 1060 669 1110 desinit3

338 1124 410 1179 (f)
441 1127 647 1177 fragmenti
683 1125 969 1165 Einsiedlensis
1004 1123 1041 1178 (ξ
1080 1124 1146 1179 18)
1182 1126 1235 1164 ad
1269 1127 1304 1164 6.
1330 1127 1392 1175 36.
1427 1137 1449 1175 3
1490 1137 1627 1164 cursus

285 1191 420 1231 finitus
441 1199 499 1230 est
520 1191 652 1231 breuis
673 1192 837 1242 quidem
859 1192 930 1231 sed
950 1203 1034 1230 non
1054 1189 1290 1230 inhonestus
1303 1203 1316 1239 3

337 1254 395 1310 (g)
425 1257 608 1296 codicum
628 1255 869 1296 Oxoniensis
896 1256 932 1309 (ξ
949 1255 1114 1308 17)-ἱό
1134 1257 1245 1307 quod
1264 1262 1382 1295 antea
1405 1268 1476 1306 per
1495 1256 1627 1307 negle-

282 1321 456 1375 gentiam
491 1321 654 1361 tacitum
689 1321 1031 1373 praetermisi—et
1062 1319 1268 1360 Harleiani
1302 1318 1339 1372 (ξ
1375 1318 1445 1374 2ο)
1476 1319 1629 1360 scribae

284 1387 478 1439 inpriore
507 1386 661 1438 pagina,
687 1401 791 1439 quae
822 1389 974 1428 ‘recto‘
1003 1394 1179 1436 uocatur,
1209 1384 1338 1425 ultimi
1368 1386 1430 1425 sui
1459 1384 1629 1437 quisque

285 1453 367 1494 folii
393 1453 554 1505 incepto
585 1454 796 1503 desistunt,
819 1461 947 1493 aratra
970 1467 1090 1504 opere
1119 1451 1159 1491 in
1188 1452 1326 1492 medio
1354 1452 1485 1492 defixa
1514 1450 1632 1491 relin-

286 1527 465 1571 quentes,
482 1518 547 1559 ille
563 1520 614 1559 ad
631 1520 779 1559 litteras
796 1518 1072 1569 adminiculis
1081 1518 1163 1570 (10.
1184 1532 1204 1557 2
1212 1531 1248 1568 3.
1266 1517 1316 1571 1),
1334 1516 1399 1556 hic
1416 1516 1491 1556 sub
1506 1517 1628 1556 finem

289 1586 394 1626 Libri
417 1587 523 1626 VIII
545 1588 597 1626 ad
619 1601 762 1627 uocem
783 1588 940 1638 scrittozg
962 1586 1054 1640 (sic)
1071 1600 1082 1635 3

340 1654 391 1694 de
413 1653 632 1692 Harleiano
660 1652 758 1692 illud
780 1666 943 1705 quoque
970 1652 1370 1693 commemorandum
1391 1651 1450 1690 est
1463 1648 1478 1690 ’τ
1507 1649 1549 1690 in
1568 1649 1630 1690 his

286 1718 429 1767 Libris,
462 1720 536 1765 VI,
571 1720 668 1767 VII,
706 1719 828 1767 VIII,
861 1717 1025 1757 minoris
1055 1724 1117 1757 est
1148 1715 1394 1756 auctoritatis
1433 1730 1556 1767 quam
1589 1715 1630 1756 in

288 1784 482 1835 prioribus
499 1798 510 1833 3
539 1785 719 1835 profecto
739 1784 804 1822 hic
825 1783 984 1823 uidetur
1000 1796 1086 1823 esse
1105 1783 1329 1833 descriptus
1348 1795 1396 1821 ex
1416 1781 1630 1834 exemplari

287 1849 493 1898 deteriore,
517 1849 634 1888 simili
660 1850 724 1888 uel
745 1850 890 1889 eodem
918 1857 1040 1900 atque
1068 1861 1119 1888 eo
1147 1862 1195 1887 ex
1218 1861 1301 1899 quo
1326 1849 1531 1887 TDLAR
1555 1848 1630 1887 orti

287 1923 378 1955 sunt
399 1916 467 1968 (cf.
488 1929 591 1967 quae
611 1916 663 1955 de
682 1917 743 1954 M
755 1915 795 1954 in
815 1915 854 1966 §§
876 1928 938 1967 39,
957 1929 1009 1963 40
1037 1913 1212 1955 dicenda
1240 1920 1366 1962 erunt,
1395 1920 1435 1953 et
1464 1913 1517 1952 de
1540 1913 1629 1953 cod.

290 1980 512 2021 Geleniano
532 1980 573 2019 in
594 1981 612 2030 ξ
633 1980 702 2034 42)
720 1995 729 2029 3

343 2044 402 2100 (ἡ)
432 2045 582 2086 codicis
617 2045 803 2086 Thuanei
840 2044 877 2099 (ξ
911 2047 934 2085 2
941 2044 981 2101 2)
1013 2053 1104 2098 post
1141 2058 1263 2084 uoces
1301 2049 1359 2083 est
1391 2046 1450 2082 ad
1483 2045 1631 2096 plebem

288 2111 368 2164 (ιο.
391 2113 452 2159 46.
477 2111 518 2165 6)
548 2125 672 2150 unum
702 2110 842 2151 folium
870 2110 996 2163 periit.
1058 2113 1121 2151 De
1143 2110 1288 2162 pagina
1306 2108 1373 2149 illa
1391 2123 1514 2160 quam
1535 2110 1634 2161 siglo

291 2174 339 2230 [l]
376 2175 602 2216 notauimus
633 2176 697 2228 (cf.
725 2178 744 2227 ξ
771 2175 839 2230 22)
869 2190 1072 2228 quamque
1102 2177 1266 2215 fortasse
1299 2174 1434 2214 licebit
1464 2173 1634 2226 Anglice

292 2245 337 2281 ‘a
356 2243 451 2281 false
472 2250 567 2281 start
582 2242 592 2257 ³
612 2256 768 2290 uocare,
789 2243 1009 2294 aliquando
1036 2241 1189 2292 aliquas
1218 2254 1340 2280 uoces
1363 2241 1453 2280 luce
1472 2242 1634 2281 fauente

290 2310 391 2347 ultra
417 2321 559 2347 uocem
588 2314 696 2346 creat
721 2307 775 2359 (6.
805 2323 836 2347 1.
859 2307 902 2360 8)
921 2307 1147 2347 discernere
1167 2305 1291 2359 potui.
1356 2308 1478 2345 Hanc
1517 2305 1634 2357 igitur

290 2373 474 2425 paginam
503 2386 596 2412 cum
622 2372 997 2413 commemorauerit
1026 2373 1191 2424 quidem
1214 2373 1388 2411 Ioannes
1404 2370 1540 2410 Dianu
1560 2373 1632 2412 sed

290 2439 479 2478 lectiones
499 2436 584 2477 eius
605 2450 687 2476 non
709 2436 874 2484 dederit,
892 2435 1004 2487 quasi
1032 2438 1314 2476 munusculum
1337 2434 1491 2475 minimi
1511 2434 1562 2474 ab
1583 2448 1632 2475 eo

946 2516 982 2540 vi

1715 544 1722 738 Q-—-——1
1716 500 1722 539 .—.
1717 397 1722 494 -.-.-.
