1722 2748
470 125 543 162 AB
573 125 723 162 VRBE
755 124 1015 164 CONDITA
1274 126 1355 163 ΥΙΙ
1379 133 1422 172 15
1441 139 1458 168 3

33 283 38 291 ᾧ
83 237 218 287 itaque
237 244 368 276 tantos
388 237 518 288 pudor
537 235 717 276 stimulos
736 236 928 284 admouit,
946 243 989 275 ut
1009 246 1164 276 ruerent
1186 236 1225 275 in
1246 236 1421 276 hostiurn
1489 284 1493 286 ¹

31 310 58 353 ',
82 303 162 340 tela
179 301 359 341 alienatis
374 315 397 340 a
413 303 605 341 memoria
624 300 785 352 periculi
805 300 956 340 animis.
1000 301 1081 340 Hic
1102 301 1230 352 primo
1250 301 1421 353 impetus

23 380 25 382 ·
82 380 206 418 prope
225 380 365 407 uecors
385 366 560 406 turbauit
581 368 724 415 hostes,
745 380 866 417 eques
886 368 1034 406 deinde
1055 367 1221 406 emissus
1242 367 1421 406 turbatos

26 422 32 470 J·
81 431 234 472 auertit.
294 433 387 483 Ipse
407 432 588 480 dictator,
609 440 699 483 post
719 445 838 483 quam
859 433 1062 472 labantem
1092 446 1172 471 una
1191 441 1301 483 parte
1320 432 1421 472 uidit
1440 449 1461 478 4

4 515 18 544 χ
80 496 220 546 aciem,
243 496 354 549 signa
374 497 416 537 in
434 499 592 537 laeuum
613 510 736 536 cornu
760 499 923 546 confert,
946 510 1028 548 quo
1058 498 1214 537 turbam
1246 497 1419 536 hostium

20 581 35 614 f,
81 565 308 614 congregari
328 564 525 611 cernebat,
548 570 586 602 et
608 562 652 602 iis
673 562 740 614 qui
761 562 801 601 in
828 558 965 602 monte
986 572 1097 603 erant
1127 565 1282 614 signum
1310 564 1420 615 quod

14 644 36 682 Ἰζ.
81 637 323 669 conuenerat
348 629 471 669 dedit.
530 628 609 668 Vbi
630 628 723 668 inde
743 642 903 680 quoque
925 643 1053 669 nouus
1078 632 1228 669 clamor
1248 638 1355 670 ortus
1382 638 1420 670 et
1443 650 1460 681 5

81 696 245 735 tendere
275 694 441 746 obliquo
465 701 602 734 monte
631 695 681 733 ad
708 702 833 734 castra
869 697 1072 734 Gallorum
1107 695 1180 734 uisi
1212 703 1313 743 sunt,
1337 703 1421 734 tum

33 755 42 790 Ῐ·
82 768 190 800 metu
211 773 262 799 ne
281 761 583 799 excluderentur
602 759 748 799 omissa
768 773 900 811 pugna
920 770 978 800 est
999 774 1196 811 cursuque
1216 762 1341 800 effuso
1369 762 1420 800 ad

34 818 38 878 ’Ἴ
81 833 207 865 castra
241 827 477 866 serebantur.
555 825 634 865 Vbi
673 839 763 864 cum
800 826 1034 866 occurrisset
1065 829 1120 866 eis
1154 828 1212 865 M.
1244 826 1421 866 Valerius
1441 838 1460 869 6

37 901 42 922 ’ἰ
82 891 266 943 magister
293 891 487 943 equitum,
507 893 574 943 qui
605 893 811 942 profligato
842 893 980 931 dextro
1010 906 1133 932 cornu
1162 893 1422 945 obequitabat

82 957 254 997 hostium
286 957 555 1005 munimentis,
586 958 638 996 ad
669 965 825 997 montes
861 957 1060 1009 siluasque
1094 967 1255 999 uertunt
1288 960 1420 1010 fugam

38 1026 39 1031 ’
81 1022 320 1074 plurimique
345 1022 401 1061 ibi
427 1036 450 1061 a
478 1023 604 1062 fallaci
637 1023 816 1073 equiturn
848 1025 980 1074 specie
1010 1024 1331 1075 agasonibusque
1362 1038 1420 1064 ex-

7 1083 30 1119 ’ἶ
81 1088 186 1140 cepti
205 1097 296 1127 sunt
310 1102 321 1136 ;
346 1095 386 1127 et
405 1101 554 1135 eorum,
578 1101 678 1139 quos
699 1101 823 1139 pauor
847 1090 1058 1140 pertulerat
1087 1090 1129 1129 in
1159 1090 1288 1139 siluas,
1311 1099 1420 1130 atrox
1443 1106 1459 1141 7

8 1154 11 1156 ’
37 1151 39 1154 ¹
81 1155 225 1194 caedes
237 1162 324 1205 post
338 1154 518 1194 sedatum
540 1153 731 1205 proelium
747 1154 829 1194 suit.
862 1156 948 1194 Nec
966 1156 1065 1194 alius
1082 1163 1171 1206 post
1186 1157 1243 1195 M.
1260 1155 1420 1195 Furium
1441 1167 1459 1198 8

23 1228 43 1250 2·
82 1232 202 1270 quam
224 1219 271 1260 C.
294 1219 489 1270 Sulpicius
505 1219 706 1259 iustiorem
730 1221 780 1259 de
801 1220 925 1259 Gallis
946 1220 1024 1271 egit
1038 1220 1293 1272 triumphum.
1325 1221 1421 1260 Auri

82 1297 244 1336 quoque
263 1298 311 1324 ex
333 1284 494 1324 Gallicis
515 1284 650 1336 spoliis
675 1285 768 1324 satis
797 1299 982 1336 magnum
1005 1288 1164 1338 pondus
1185 1300 1280 1326 saxo
1300 1288 1422 1339 quad-

82 1358 167 1390 rato
186 1361 367 1402 saeptum
390 1352 429 1390 in
450 1350 650 1402 Capitolio
671 1350 849 1390 sacrauit.

138 1417 292 1456 Eodem
314 1429 422 1456 anno
442 1425 481 1456 et
501 1431 524 1456 a
545 1407 776 1456 consuliffiis
797 1417 906 1456 uario
922 1426 1068 1457 euentu
1083 1419 1273 1458 bellatum
1289 1435 1300 1470 3
1329 1434 1420 1459 nam
1441 1440 1461 1470 9

42 1519 43 1522 ,
85 1482 251 1523 Hernici
271 1496 295 1522 a
315 1483 361 1523 C.
386 1483 541 1523 Plautio
562 1483 708 1523 deuicti
731 1483 965 1535 subactique
986 1492 1087 1533 sunt,
1107 1485 1255 1525 Fabius
1270 1487 1422 1537 collega

83 1548 167 1588 eius
195 1550 353 1588 incaute
379 1557 498 1600 atque
526 1549 749 1589 inconsulte
777 1550 967 1588 aduersus
995 1550 1305 1601 Tarquinienses
1328 1565 1421 1603 pug-

32 1631 34 1633 ·
85 1614 205 1654 nauit.
267 1616 352 1655 Nec
374 1615 412 1654 in
435 1615 520 1656 acie
541 1623 695 1655 tantum
716 1615 772 1655 ibi
795 1615 918 1655 cladis
938 1623 1147 1666 acceptum
1168 1630 1288 1667 quam
1313 1619 1422 1669 quod
1447 1633 1482 1655 ιο

10 1682 40 1733 23
84 1687 282 1720 trecentos
321 1689 472 1733 septem
514 1682 657 1721 milites
697 1683 904 1721 Romanos
943 1690 1081 1732 captos
1114 1684 1423 1733 Tarquinienses

85 1745 364 1798 immolarunt3
404 1759 483 1798 qua
521 1747 710 1787 foeditate
751 1746 933 1799 supplicii
965 1747 1170 1798 aliquanto
1209 1748 1424 1800 ignominia

85 1810 222 1862 populi
243 1811 418 1851 Romani
440 1812 658 1863 insignitior
680 1812 762 1852 fuit.
822 1803 1003 1852 KEEessit
1026 1814 1077 1852 ad
1098 1826 1184 1852 eam
1210 1814 1365 1853 cladem
1386 1822 1424 1854 et
1448 1834 1481 1856 ιι

44 1915 45 1918 ,
86 1875 255 1916 uastatio
282 1877 458 1916 Romani
486 1877 578 1929 agri,
607 1875 726 1929 quam
759 1878 1017 1927 Priuernates,
1043 1877 1235 1918 Veliterni
1264 1878 1422 1928 deinde,

21 1938 44 1996 ’ξ
88 1940 311 1982 incursione
332 1942 536 1994 repentina
557 1944 743 1983 fecerunt.

143 2009 299 2047 Eodem
320 2021 427 2047 anno
447 2010 550 2048 duae
570 2009 704 2058 tribus,
729 2009 943 2061 Pomptina
973 2018 1011 2050 et
1040 2009 1220 2059 Publilia,
1243 2010 1426 2060 additae;

45 2135 48 2139 .
132 2122 150 2150 4
177 2111 218 2143 iis
230 2111 289 2143 M:
313 2113 451 2144 hiisA:
474 2113 527 2145 his
550 2113 815 2146 PFBOHTDL
963 2115 1057 2146 dedit
1082 2114 1425 2156 MPFUpBTDLA:

89 2165 154 2187 om.
182 2154 223 2186 H
235 2166 243 2186 z
267 2156 343 2197 daefit
368 2155 399 2187 Ο
547 2166 567 2197 5
590 2162 685 2190 ortus
715 2157 818 2189 MPF
819 2156 979 2199 UpBOH
984 2158 1111 2189 TDLA
1139 2159 1214 2190 (sed
1233 2160 1320 2191 hort’
1345 2158 1426 2199 H):

40 2221 50 2239 ,ἱ
89 2198 166 2231 add.
187 2205 239 2231 est
253 2198 473 2231 Luterbacher
583 2202 605 2232 6
624 2201 674 2234 eis
685 2201 891 2233 MPFBOH
897 2201 1022 2234 TDLA
1039 2213 1046 2233 :
1072 2203 1103 2234 ei
1121 2202 1173 2243 Up
1305 2204 1426 2235 dextro

31 2245 50 2256 l*
90 2241 195 2274 MPF
196 2241 356 2284 UpBOH
360 2243 485 2275 TDLA
502 2255 510 2275 ι
547 2244 685 2277 sinistro
719 2244 906 2277 Glareanus
917 2257 931 2283 ,-
963 2246 1084 2278 dextro
1120 2250 1264 2287 tuemur,
1297 2247 1428 2278 uocibus

31 2290 53 2326 ‚32
91 2287 270 2326 profligato
294 2287 326 2319 d.
346 2297 451 2319 cornu
474 2288 541 2320 rati
553 2288 591 2319 id
605 2288 789 2329 szjgnificart'
812 2289 903 2330 quod
920 2290 1014 2320 ‘cum
1036 2290 1250 2330 profligatum
1273 2291 1303 2322 d.
1322 2301 1428 2323 cornu

38 2325 50 2334 ”
92 2339 169 2361 esse
186 2331 387 2368 cognosset'
521 2342 539 2372 7
566 2333 749 2372 pertulerat
765 2331 825 2366 D³,
845 2332 920 2364 dett.
935 2333 1011 2373 aliq.
1030 2344 1038 2364 ι
1063 2333 1254 2373 perculerat
1270 2334 1428 2376 MPFUp

24 2386 46 2419 ³:
93 2371 201 2404 BOH
205 2372 332 2404 TDLA
503 2385 542 2406 10
566 2375 759 2415 insignitior
780 2375 846 2407 OD
865 2375 934 2408 cdd.
960 2375 1089 2408 Geleni:
1114 2377 1315 2418 insignicior
1336 2378 1405 2409 ML
1422 2390 1429 2410 ε

26 2423 57 2439 f*
93 2416 270 2449 insinicior
285 2417 327 2448 H
335 2428 343 2450 z
368 2418 535 2458 insignior
549 2418 815 2461 PFUpBTD³A
835 2419 886 2461 (cs.
909 2429 958 2452 ιο.
981 2430 1029 2460 ¹5·
1049 2421 1084 2461 5)
