<?xml version="1.0" encoding="UTF-8"?>
<!DOCTYPE html PUBLIC "-//W3C//DTD XHTML 1.0 Transitional//EN"
    "http://www.w3.org/TR/xhtml1/DTD/xhtml1-transitional.dtd">
<html xmlns="http://www.w3.org/1999/xhtml" xml:lang="en" lang="en">
 <head>
  <title>
</title>
<meta http-equiv="Content-Type" content="text/html;charset=utf-8" />
  <meta name='ocr-system' content='tesseract 3.04.00' />
  <meta name='ocr-capabilities' content='ocr_page ocr_carea ocr_par ocr_line ocrx_word'/>
</head>
<body>
  <div class='ocr_page' id='page_1' title='image "./aburbeconditarec02livyuoft_0280.png"; bbox 0 0 1722 2748; ppageno 0'>
   <div class='ocr_carea' id='block_1_1' title="bbox 226 113 1129 174">
    <p class='ocr_par' dir='ltr' id='par_1_1' title="bbox 226 113 1129 174">
     <span class='ocr_line' id='line_1_1' title="bbox 226 113 1129 174; baseline 0.001 -3"><span class='ocrx_word' id='word_1_1' title='bbox 226 133 288 171; x_wconf 84' lang='lat' dir='ltr'><strong>1x</strong></span> <span class='ocrx_word' id='word_1_2' title='bbox 310 132 356 171; x_wconf 91' lang='lat'><strong>18</strong></span> <span class='ocrx_word' id='word_1_3' title='bbox 382 148 416 170; x_wconf 62' lang='grc' dir='ltr'><strong>η</strong></span> <span class='ocrx_word' id='word_1_4' title='bbox 633 113 635 115; x_wconf 65' lang='grc'><strong><em>’</em></strong></span> <span class='ocrx_word' id='word_1_5' title='bbox 856 134 978 174; x_wconf 89' lang='lat' dir='ltr'>T1T1</span> <span class='ocrx_word' id='word_1_6' title='bbox 1010 133 1129 172; x_wconf 88' lang='lat' dir='ltr'><strong>L1V1</strong></span> 
     </span>
    </p>
   </div>
   <div class='ocr_carea' id='block_1_2' title="bbox 243 243 1722 1222">
    <p class='ocr_par' dir='ltr' id='par_1_2' title="bbox 243 243 1722 1222">
     <span class='ocr_line' id='line_1_2' title="bbox 309 243 1653 297; baseline 0.001 -15"><span class='ocrx_word' id='word_1_7' title='bbox 309 251 521 295; x_wconf 90' lang='lat' dir='ltr'><strong>torumque</strong></span> <span class='ocrx_word' id='word_1_8' title='bbox 549 257 718 294; x_wconf 89' lang='lat' dir='ltr'><strong>quorum</strong></span> <span class='ocrx_word' id='word_1_9' title='bbox 740 256 815 284; x_wconf 90' lang='lat' dir='ltr'><strong>nec</strong></span> <span class='ocrx_word' id='word_1_10' title='bbox 839 243 996 284; x_wconf 84' lang='lat' dir='ltr'><strong>uirtutis</strong></span> <span class='ocrx_word' id='word_1_11' title='bbox 1022 257 1098 284; x_wconf 90' lang='lat' dir='ltr'><strong>nee</strong></span> <span class='ocrx_word' id='word_1_12' title='bbox 1125 247 1306 285; x_wconf 87' lang='lat' dir='ltr'>fortunae</span> <span class='ocrx_word' id='word_1_13' title='bbox 1329 245 1412 285; x_wconf 88' lang='lat' dir='ltr'><strong>ullo</strong></span> <span class='ocrx_word' id='word_1_14' title='bbox 1437 243 1503 285; x_wconf 90' lang='lat' dir='ltr'><strong>die</strong></span> <span class='ocrx_word' id='word_1_15' title='bbox 1528 257 1653 297; x_wconf 91' lang='lat' dir='ltr'><strong>popu-</strong></span> 
     </span>
     <span class='ocr_line' id='line_1_3' title="bbox 250 308 1651 362; baseline 0.001 -14"><span class='ocrx_word' id='word_1_16' title='bbox 250 325 289 358; x_wconf 85' lang='lat'><strong>13</strong></span> <span class='ocrx_word' id='word_1_17' title='bbox 310 310 392 348; x_wconf 91' lang='lat' dir='ltr'><strong>lum</strong></span> <span class='ocrx_word' id='word_1_18' title='bbox 425 311 654 348; x_wconf 89' lang='lat' dir='ltr'><strong>Romanum</strong></span> <span class='ocrx_word' id='word_1_19' title='bbox 677 308 893 361; x_wconf 87' lang='lat' dir='ltr'><strong>paenituit.</strong></span> <span class='ocrx_word' id='word_1_20' title='bbox 952 311 1005 350; x_wconf 89' lang='lat' dir='ltr'><strong>Et</strong></span> <span class='ocrx_word' id='word_1_21' title='bbox 1034 323 1117 362; x_wconf 94' lang='lat' dir='ltr'><strong>quo</strong></span> <span class='ocrx_word' id='word_1_22' title='bbox 1142 310 1220 350; x_wconf 88' lang='lat' dir='ltr'><strong>sint</strong></span> <span class='ocrx_word' id='word_1_23' title='bbox 1246 309 1506 351; x_wconf 87' lang='lat' dir='ltr'><strong>mirabiliores</strong></span> <span class='ocrx_word' id='word_1_24' title='bbox 1529 323 1651 362; x_wconf 84' lang='lat' dir='ltr'><strong>quam</strong></span> 
     </span>
     <span class='ocr_line' id='line_1_4' title="bbox 309 375 1652 428; baseline 0.001 -14"><span class='ocrx_word' id='word_1_25' title='bbox 309 376 536 415; x_wconf 87' lang='lat' dir='ltr'><strong>Alexander</strong></span> <span class='ocrx_word' id='word_1_26' title='bbox 555 382 623 415; x_wconf 87' lang='lat' dir='ltr'><strong>aut</strong></span> <span class='ocrx_word' id='word_1_27' title='bbox 644 375 855 427; x_wconf 88' lang='lat' dir='ltr'><strong>quisquam</strong></span> <span class='ocrx_word' id='word_1_28' title='bbox 875 389 953 423; x_wconf 86' lang='lat' dir='ltr'><strong>rex,</strong></span> <span class='ocrx_word' id='word_1_29' title='bbox 969 377 1096 416; x_wconf 92' lang='lat' dir='ltr'><strong>denos</strong></span> <span class='ocrx_word' id='word_1_30' title='bbox 1117 375 1362 428; x_wconf 89' lang='lat' dir='ltr'><strong>uicenosque</strong></span> <span class='ocrx_word' id='word_1_31' title='bbox 1381 377 1467 416; x_wconf 91' lang='lat' dir='ltr'><strong>dies</strong></span> <span class='ocrx_word' id='word_1_32' title='bbox 1486 375 1652 428; x_wconf 86' lang='lat' dir='ltr'><strong>quidam</strong></span> 
     </span>
     <span class='ocr_line' id='line_1_5' title="bbox 248 441 1653 494; baseline -0.001 -11"><span class='ocrx_word' id='word_1_33' title='bbox 248 456 287 488; x_wconf 88' lang='lat'><strong>14</strong></span> <span class='ocrx_word' id='word_1_34' title='bbox 308 442 556 491; x_wconf 86' lang='lat' dir='ltr'>dictaturam,</span> <span class='ocrx_word' id='word_1_35' title='bbox 580 455 701 482; x_wconf 91' lang='lat' dir='ltr'><strong>nemo</strong></span> <span class='ocrx_word' id='word_1_36' title='bbox 725 443 813 494; x_wconf 90' lang='lat' dir='ltr'><strong>plus</strong></span> <span class='ocrx_word' id='word_1_37' title='bbox 836 455 957 494; x_wconf 90' lang='lat' dir='ltr'><strong>quam</strong></span> <span class='ocrx_word' id='word_1_38' title='bbox 982 443 1405 482; x_wconf 84' lang='lat' dir='ltr'><strong>annum-consulatum</strong></span> <span class='ocrx_word' id='word_1_39' title='bbox 1427 441 1548 494; x_wconf 87' lang='lat' dir='ltr'><strong>gessit</strong></span> <span class='ocrx_word' id='word_1_40' title='bbox 1562 456 1574 492; x_wconf 83' lang='lat'><em>3</em></span> <span class='ocrx_word' id='word_1_41' title='bbox 1600 442 1653 482; x_wconf 88' lang='lat' dir='ltr'><strong>ab</strong></span> 
     </span>
     <span class='ocr_line' id='line_1_6' title="bbox 307 508 1655 560; baseline 0 -12"><span class='ocrx_word' id='word_1_42' title='bbox 307 508 475 549; x_wconf 87' lang='lat' dir='ltr'><strong>tribunis</strong></span> <span class='ocrx_word' id='word_1_43' title='bbox 496 508 623 560; x_wconf 90' lang='lat' dir='ltr'><strong>plebis</strong></span> <span class='ocrx_word' id='word_1_44' title='bbox 644 508 813 548; x_wconf 91' lang='lat' dir='ltr'><strong>dilectus</strong></span> <span class='ocrx_word' id='word_1_45' title='bbox 834 508 1016 560; x_wconf 91' lang='lat' dir='ltr'><strong>impediti</strong></span> <span class='ocrx_word' id='word_1_46' title='bbox 1038 515 1130 548; x_wconf 89' lang='lat' dir='ltr'><strong>sunt</strong></span> <span class='ocrx_word' id='word_1_47' title='bbox 1144 523 1155 558; x_wconf 83' lang='lat'>3</span> <span class='ocrx_word' id='word_1_48' title='bbox 1189 516 1279 560; x_wconf 91' lang='lat' dir='ltr'><strong>post</strong></span> <span class='ocrx_word' id='word_1_49' title='bbox 1299 515 1457 560; x_wconf 87' lang='lat' dir='ltr'><strong>tempus</strong></span> <span class='ocrx_word' id='word_1_50' title='bbox 1475 509 1528 549; x_wconf 89' lang='lat' dir='ltr'><strong>ad</strong></span> <span class='ocrx_word' id='word_1_51' title='bbox 1549 508 1655 549; x_wconf 88' lang='lat' dir='ltr'><strong>bella</strong></span> 
     </span>
     <span class='ocr_line' id='line_1_7' title="bbox 248 574 1654 627; baseline 0 -12"><span class='ocrx_word' id='word_1_52' title='bbox 248 583 285 615; x_wconf 78' lang='lat'><strong>¹5</strong></span> <span class='ocrx_word' id='word_1_53' title='bbox 307 578 447 624; x_wconf 88' lang='lat' dir='ltr'><strong>ierunt,</strong></span> <span class='ocrx_word' id='word_1_54' title='bbox 470 583 563 615; x_wconf 87' lang='lat' dir='ltr'><strong>ante</strong></span> <span class='ocrx_word' id='word_1_55' title='bbox 583 582 742 627; x_wconf 91' lang='lat' dir='ltr'><strong>tempus</strong></span> <span class='ocrx_word' id='word_1_56' title='bbox 764 574 1016 614; x_wconf 90' lang='lat' dir='ltr'><strong>comitiorum</strong></span> <span class='ocrx_word' id='word_1_57' title='bbox 1034 589 1154 615; x_wconf 88' lang='lat' dir='ltr'><strong>causa</strong></span> <span class='ocrx_word' id='word_1_58' title='bbox 1169 574 1343 615; x_wconf 90' lang='lat' dir='ltr'><strong>reuocati</strong></span> <span class='ocrx_word' id='word_1_59' title='bbox 1360 582 1477 626; x_wconf 90' lang='lat' dir='ltr'><strong>sunt;</strong></span> <span class='ocrx_word' id='word_1_60' title='bbox 1505 574 1546 615; x_wconf 87' lang='lat' dir='ltr'><strong>in</strong></span> <span class='ocrx_word' id='word_1_61' title='bbox 1566 574 1654 626; x_wconf 89' lang='lat' dir='ltr'><strong>ipso</strong></span> 
     </span>
     <span class='ocr_line' id='line_1_8' title="bbox 306 640 1651 693; baseline -0.002 -9"><span class='ocrx_word' id='word_1_62' title='bbox 306 650 454 684; x_wconf 88' lang='lat' dir='ltr'><strong>conatu</strong></span> <span class='ocrx_word' id='word_1_63' title='bbox 475 655 604 681; x_wconf 91' lang='lat' dir='ltr'><strong>rerum</strong></span> <span class='ocrx_word' id='word_1_64' title='bbox 628 640 858 692; x_wconf 82' lang='lat' dir='ltr'>circumegit</span> <span class='ocrx_word' id='word_1_65' title='bbox 879 654 922 680; x_wconf 92' lang='lat' dir='ltr'><strong>se</strong></span> <span class='ocrx_word' id='word_1_66' title='bbox 941 654 1070 680; x_wconf 90' lang='lat' dir='ltr'><strong>annus</strong></span> <span class='ocrx_word' id='word_1_67' title='bbox 1084 656 1096 691; x_wconf 77' lang='lat'><em>3</em></span> <span class='ocrx_word' id='word_1_68' title='bbox 1124 643 1301 693; x_wconf 84' lang='lat' dir='ltr'>collegae</span> <span class='ocrx_word' id='word_1_69' title='bbox 1315 654 1424 682; x_wconf 88' lang='lat' dir='ltr'><strong>nunc</strong></span> <span class='ocrx_word' id='word_1_70' title='bbox 1438 640 1651 690; x_wconf 86' lang='lat' dir='ltr'><strong>temeritas,</strong></span> 
     </span>
     <span class='ocr_line' id='line_1_9' title="bbox 243 706 1654 761; baseline 0 -13"><span class='ocrx_word' id='word_1_71' title='bbox 243 734 252 761; x_wconf 37' lang='grc' dir='ltr'>ἦ</span> <span class='ocrx_word' id='word_1_72' title='bbox 306 722 415 748; x_wconf 90' lang='lat' dir='ltr'><strong>nunc</strong></span> <span class='ocrx_word' id='word_1_73' title='bbox 449 708 621 760; x_wconf 87' lang='lat' dir='ltr'><strong>prauitas</strong></span> <span class='ocrx_word' id='word_1_74' title='bbox 658 706 949 758; x_wconf 90' lang='lat' dir='ltr'><strong>impedimento</strong></span> <span class='ocrx_word' id='word_1_75' title='bbox 981 715 1050 747; x_wconf 88' lang='lat' dir='ltr'><strong>aut</strong></span> <span class='ocrx_word' id='word_1_76' title='bbox 1082 709 1234 748; x_wconf 90' lang='lat' dir='ltr'><strong>damno</strong></span> <span class='ocrx_word' id='word_1_77' title='bbox 1262 707 1335 748; x_wconf 88' lang='lat' dir='ltr'><strong>suit</strong></span> <span class='ocrx_word' id='word_1_78' title='bbox 1351 721 1363 758; x_wconf 90' lang='lat'>;</span> <span class='ocrx_word' id='word_1_79' title='bbox 1402 709 1506 748; x_wconf 90' lang='lat' dir='ltr'><strong>male</strong></span> <span class='ocrx_word' id='word_1_80' title='bbox 1533 707 1654 760; x_wconf 90' lang='lat' dir='ltr'><strong>gestis</strong></span> 
     </span>
     <span class='ocr_line' id='line_1_10' title="bbox 247 768 1655 827; baseline -0.001 -12"><span class='ocrx_word' id='word_1_81' title='bbox 247 768 253 793; x_wconf 61' lang='lat'>³</span> <span class='ocrx_word' id='word_1_82' title='bbox 307 775 426 815; x_wconf 91' lang='lat' dir='ltr'><strong>rebus</strong></span> <span class='ocrx_word' id='word_1_83' title='bbox 453 772 612 813; x_wconf 89' lang='lat' dir='ltr'><strong>alterius</strong></span> <span class='ocrx_word' id='word_1_84' title='bbox 642 783 871 812; x_wconf 89' lang='lat' dir='ltr'><strong>successum</strong></span> <span class='ocrx_word' id='word_1_85' title='bbox 901 781 961 813; x_wconf 90' lang='lat' dir='ltr'><strong>est</strong></span> <span class='ocrx_word' id='word_1_86' title='bbox 977 788 988 823; x_wconf 83' lang='lat'><em>3</em></span> <span class='ocrx_word' id='word_1_87' title='bbox 1020 773 1189 814; x_wconf 89' lang='lat' dir='ltr'><strong>tironem</strong></span> <span class='ocrx_word' id='word_1_88' title='bbox 1218 782 1286 814; x_wconf 86' lang='lat' dir='ltr'><strong>aut</strong></span> <span class='ocrx_word' id='word_1_89' title='bbox 1313 775 1418 814; x_wconf 86' lang='lat' dir='ltr'><strong>mala</strong></span> <span class='ocrx_word' id='word_1_90' title='bbox 1444 773 1655 827; x_wconf 83' lang='lat' dir='ltr'>disciplina</span> 
     </span>
     <span class='ocr_line' id='line_1_11' title="bbox 247 837 1652 892; baseline 0.001 -13"><span class='ocrx_word' id='word_1_91' title='bbox 247 846 287 879; x_wconf 88' lang='lat'><strong>16</strong></span> <span class='ocrx_word' id='word_1_92' title='bbox 306 840 530 881; x_wconf 89' lang='lat' dir='ltr'><strong>institutum</strong></span> <span class='ocrx_word' id='word_1_93' title='bbox 572 837 786 879; x_wconf 88' lang='lat' dir='ltr'><strong>exercitum</strong></span> <span class='ocrx_word' id='word_1_94' title='bbox 828 847 1079 890; x_wconf 88' lang='lat' dir='ltr'><strong>acceperunt.</strong></span> <span class='ocrx_word' id='word_1_95' title='bbox 1144 842 1199 880; x_wconf 93' lang='lat' dir='ltr'><strong>At</strong></span> <span class='ocrx_word' id='word_1_96' title='bbox 1232 841 1394 880; x_wconf 87' lang='lat' dir='ltr'><strong>hercule</strong></span> <span class='ocrx_word' id='word_1_97' title='bbox 1427 853 1537 892; x_wconf 86' lang='lat' dir='ltr'><strong>reges</strong></span> <span class='ocrx_word' id='word_1_98' title='bbox 1569 854 1652 880; x_wconf 92' lang='lat' dir='ltr'><strong>non</strong></span> 
     </span>
     <span class='ocr_line' id='line_1_12' title="bbox 306 903 1652 956; baseline -0.001 -9"><span class='ocrx_word' id='word_1_99' title='bbox 306 906 417 947; x_wconf 92' lang='lat' dir='ltr'><strong>liberi</strong></span> <span class='ocrx_word' id='word_1_100' title='bbox 439 907 568 946; x_wconf 90' lang='lat' dir='ltr'><strong>solum</strong></span> <span class='ocrx_word' id='word_1_101' title='bbox 592 903 890 956; x_wconf 88' lang='lat' dir='ltr'><strong>impedimentis</strong></span> <span class='ocrx_word' id='word_1_102' title='bbox 915 906 1104 946; x_wconf 90' lang='lat' dir='ltr'><strong>omnibus</strong></span> <span class='ocrx_word' id='word_1_103' title='bbox 1129 907 1200 947; x_wconf 92' lang='lat' dir='ltr'><strong>sed</strong></span> <span class='ocrx_word' id='word_1_104' title='bbox 1224 906 1378 947; x_wconf 91' lang='lat' dir='ltr'><strong>domini</strong></span> <span class='ocrx_word' id='word_1_105' title='bbox 1403 920 1532 947; x_wconf 89' lang='lat' dir='ltr'><strong>rerum</strong></span> <span class='ocrx_word' id='word_1_106' title='bbox 1556 913 1652 948; x_wconf 89' lang='lat' dir='ltr'><strong>tem-</strong></span> 
     </span>
     <span class='ocr_line' id='line_1_13' title="bbox 248 963 1653 1026; baseline -0.001 -13"><span class='ocrx_word' id='word_1_107' title='bbox 248 982 284 1017; x_wconf 75' lang='lat'><strong>17</strong></span> <span class='ocrx_word' id='word_1_108' title='bbox 306 986 528 1026; x_wconf 89' lang='lat' dir='ltr'><strong>porumque</strong></span> <span class='ocrx_word' id='word_1_109' title='bbox 549 973 710 1011; x_wconf 88' lang='lat' dir='ltr'><strong>trahunt</strong></span> <span class='ocrx_word' id='word_1_110' title='bbox 727 970 903 1011; x_wconf 90' lang='lat' dir='ltr'><strong>consiliis</strong></span> <span class='ocrx_word' id='word_1_111' title='bbox 921 963 1076 1021; x_wconf 91' lang='lat' dir='ltr'><strong>cuncta,</strong></span> <span class='ocrx_word' id='word_1_112' title='bbox 1095 986 1178 1013; x_wconf 90' lang='lat' dir='ltr'><strong>non</strong></span> <span class='ocrx_word' id='word_1_113' title='bbox 1194 980 1426 1025; x_wconf 90' lang='lat' dir='ltr'><strong>sequuntur.</strong></span> <span class='ocrx_word' id='word_1_114' title='bbox 1472 971 1653 1013; x_wconf 91' lang='lat' dir='ltr'><strong>Inuictus</strong></span> 
     </span>
     <span class='ocr_line' id='line_1_14' title="bbox 306 1035 1722 1092; baseline -0.001 -12"><span class='ocrx_word' id='word_1_115' title='bbox 306 1053 399 1092; x_wconf 81' lang='lat' dir='ltr'><strong>ergo</strong></span> <span class='ocrx_word' id='word_1_116' title='bbox 420 1038 646 1079; x_wconf 84' lang='lat' dir='ltr'><strong>Alexander</strong></span> <span class='ocrx_word' id='word_1_117' title='bbox 662 1050 755 1076; x_wconf 89' lang='lat' dir='ltr'><strong>cum</strong></span> <span class='ocrx_word' id='word_1_118' title='bbox 774 1035 934 1077; x_wconf 89' lang='lat' dir='ltr'><strong>inuictis</strong></span> <span class='ocrx_word' id='word_1_119' title='bbox 950 1038 1121 1079; x_wconf 88' lang='lat' dir='ltr'><strong>ducibus</strong></span> <span class='ocrx_word' id='word_1_120' title='bbox 1139 1039 1244 1079; x_wconf 87' lang='lat' dir='ltr'><strong>bella</strong></span> <span class='ocrx_word' id='word_1_121' title='bbox 1257 1037 1441 1090; x_wconf 86' lang='lat' dir='ltr'><strong>gessisset</strong></span> <span class='ocrx_word' id='word_1_122' title='bbox 1455 1044 1496 1079; x_wconf 90' lang='lat' dir='ltr'><strong>et</strong></span> <span class='ocrx_word' id='word_1_123' title='bbox 1509 1039 1651 1079; x_wconf 87' lang='lat' dir='ltr'><strong>eadem</strong></span> <span class='ocrx_word' id='word_1_124' title='bbox 1720 1087 1722 1090; x_wconf 27' lang='grc' dir='ltr'>Ι</span> 
     </span>
     <span class='ocr_line' id='line_1_15' title="bbox 249 1102 1653 1156; baseline 0.002 -15"><span class='ocrx_word' id='word_1_125' title='bbox 249 1110 286 1141; x_wconf 78' lang='lat'><strong>18</strong></span> <span class='ocrx_word' id='word_1_126' title='bbox 306 1107 488 1146; x_wconf 86' lang='lat' dir='ltr'><strong>fortunae</strong></span> <span class='ocrx_word' id='word_1_127' title='bbox 501 1103 666 1156; x_wconf 88' lang='lat' dir='ltr'><strong>pignora</strong></span> <span class='ocrx_word' id='word_1_128' title='bbox 681 1102 720 1141; x_wconf 89' lang='lat' dir='ltr'><strong>in</strong></span> <span class='ocrx_word' id='word_1_129' title='bbox 738 1103 951 1143; x_wconf 88' lang='lat' dir='ltr'><strong>discrimen</strong></span> <span class='ocrx_word' id='word_1_130' title='bbox 969 1103 1177 1144; x_wconf 89' lang='lat' dir='ltr'><strong>detulisset</strong></span> <span class='ocrx_word' id='word_1_131' title='bbox 1191 1119 1203 1154; x_wconf 80' lang='lat'><em>3</em></span> <span class='ocrx_word' id='word_1_132' title='bbox 1222 1104 1347 1144; x_wconf 91' lang='lat' dir='ltr'><strong>immo</strong></span> <span class='ocrx_word' id='word_1_133' title='bbox 1363 1103 1481 1144; x_wconf 87' lang='lat' dir='ltr'><strong>etiam</strong></span> <span class='ocrx_word' id='word_1_134' title='bbox 1498 1116 1549 1144; x_wconf 92' lang='lat' dir='ltr'><strong>eo</strong></span> <span class='ocrx_word' id='word_1_135' title='bbox 1563 1105 1653 1156; x_wconf 93' lang='lat' dir='ltr'><strong>plus</strong></span> 
     </span>
     <span class='ocr_line' id='line_1_16' title="bbox 306 1163 1715 1222; baseline -0.001 -12"><span class='ocrx_word' id='word_1_136' title='bbox 306 1169 467 1222; x_wconf 89' lang='lat' dir='ltr'><strong>periculi</strong></span> <span class='ocrx_word' id='word_1_137' title='bbox 483 1168 654 1208; x_wconf 88' lang='lat' dir='ltr'><strong>subisset</strong></span> <span class='ocrx_word' id='word_1_138' title='bbox 669 1169 781 1219; x_wconf 89' lang='lat' dir='ltr'><strong>quod</strong></span> <span class='ocrx_word' id='word_1_139' title='bbox 800 1169 1049 1209; x_wconf 86' lang='lat' dir='ltr'><strong>Macedones</strong></span> <span class='ocrx_word' id='word_1_140' title='bbox 1066 1183 1191 1209; x_wconf 90' lang='lat' dir='ltr'><strong>unum</strong></span> <span class='ocrx_word' id='word_1_141' title='bbox 1208 1171 1480 1210; x_wconf 88' lang='lat' dir='ltr'><strong>Alexandrum</strong></span> <span class='ocrx_word' id='word_1_142' title='bbox 1496 1169 1656 1210; x_wconf 89' lang='lat' dir='ltr'><strong>habuis·</strong></span> <span class='ocrx_word' id='word_1_143' title='bbox 1714 1163 1715 1166; x_wconf 28' lang='lat'>¹</span> 
     </span>
    </p>
   </div>
   <div class='ocr_carea' id='block_1_3' title="bbox 208 1233 1722 1359">
    <p class='ocr_par' dir='ltr' id='par_1_3' title="bbox 208 1228 1722 1359">
     <span class='ocr_line' id='line_1_17' title="bbox 305 1233 1654 1284; baseline -0.001 -9"><span class='ocrx_word' id='word_1_144' title='bbox 305 1244 404 1284; x_wconf 90' lang='lat' dir='ltr'><strong>sent,</strong></span> <span class='ocrx_word' id='word_1_145' title='bbox 423 1234 556 1274; x_wconf 88' lang='lat' dir='ltr'><strong>multis</strong></span> <span class='ocrx_word' id='word_1_146' title='bbox 578 1233 737 1274; x_wconf 87' lang='lat' dir='ltr'><strong>casibus</strong></span> <span class='ocrx_word' id='word_1_147' title='bbox 759 1247 842 1273; x_wconf 90' lang='lat' dir='ltr'><strong>non</strong></span> <span class='ocrx_word' id='word_1_148' title='bbox 865 1235 994 1273; x_wconf 91' lang='lat' dir='ltr'><strong>solum</strong></span> <span class='ocrx_word' id='word_1_149' title='bbox 1016 1234 1235 1274; x_wconf 86' lang='lat' dir='ltr'><strong>obnoxium</strong></span> <span class='ocrx_word' id='word_1_150' title='bbox 1257 1235 1328 1275; x_wconf 91' lang='lat' dir='ltr'><strong>sed</strong></span> <span class='ocrx_word' id='word_1_151' title='bbox 1349 1234 1468 1275; x_wconf 88' lang='lat' dir='ltr'><strong>etiam</strong></span> <span class='ocrx_word' id='word_1_152' title='bbox 1489 1235 1654 1275; x_wconf 80' lang='lat' dir='ltr'><strong>offeren-</strong></span> 
     </span>
     <span class='ocr_line' id='line_1_18' title="bbox 208 1299 1722 1359; baseline -0.001 -17"><span class='ocrx_word' id='word_1_153' title='bbox 208 1323 211 1325; x_wconf 58' lang='lat'>&gt;</span> <span class='ocrx_word' id='word_1_154' title='bbox 245 1313 287 1347; x_wconf 83' lang='lat'><strong>19</strong></span> <span class='ocrx_word' id='word_1_155' title='bbox 305 1310 384 1342; x_wconf 88' lang='lat' dir='ltr'><strong>tem</strong></span> <span class='ocrx_word' id='word_1_156' title='bbox 402 1316 455 1350; x_wconf 88' lang='lat' dir='ltr'><strong>se,</strong></span> <span class='ocrx_word' id='word_1_157' title='bbox 473 1299 647 1341; x_wconf 91' lang='lat' dir='ltr'><strong>Romani</strong></span> <span class='ocrx_word' id='word_1_158' title='bbox 667 1299 780 1339; x_wconf 90' lang='lat' dir='ltr'><strong>multi</strong></span> <span class='ocrx_word' id='word_1_159' title='bbox 799 1299 964 1340; x_wconf 87' lang='lat' dir='ltr'><strong>fuissent</strong></span> <span class='ocrx_word' id='word_1_160' title='bbox 978 1302 1207 1341; x_wconf 87' lang='lat' dir='ltr'><strong>Alexandro</strong></span> <span class='ocrx_word' id='word_1_161' title='bbox 1223 1303 1287 1342; x_wconf 91' lang='lat' dir='ltr'><strong>uel</strong></span> <span class='ocrx_word' id='word_1_162' title='bbox 1302 1300 1427 1353; x_wconf 88' lang='lat' dir='ltr'><strong>gloria</strong></span> <span class='ocrx_word' id='word_1_163' title='bbox 1441 1301 1506 1341; x_wconf 91' lang='lat' dir='ltr'><strong>uel</strong></span> <span class='ocrx_word' id='word_1_164' title='bbox 1522 1314 1652 1341; x_wconf 87' lang='lat' dir='ltr'><strong>rerum</strong></span> <span class='ocrx_word' id='word_1_165' title='bbox 1708 1328 1722 1359; x_wconf 66' lang='lat' dir='ltr'><strong>i</strong></span> 
     </span>
    </p>
   </div>
   <div class='ocr_carea' id='block_1_4' title="bbox 239 1359 1719 2143">
    <p class='ocr_par' dir='ltr' id='par_1_4' title="bbox 239 1359 1719 2143">
     <span class='ocr_line' id='line_1_19' title="bbox 306 1359 1719 1420; baseline -0.001 -12"><span class='ocrx_word' id='word_1_166' title='bbox 306 1367 579 1420; x_wconf 82' lang='lat' dir='ltr'><strong>magnitudine</strong></span> <span class='ocrx_word' id='word_1_167' title='bbox 609 1379 734 1418; x_wconf 83' lang='lat' dir='ltr'><strong>pareS,</strong></span> <span class='ocrx_word' id='word_1_168' title='bbox 765 1379 935 1418; x_wconf 88' lang='lat' dir='ltr'><strong>quorum</strong></span> <span class='ocrx_word' id='word_1_169' title='bbox 965 1380 1039 1407; x_wconf 91' lang='lat' dir='ltr'><strong>suo</strong></span> <span class='ocrx_word' id='word_1_170' title='bbox 1068 1366 1237 1419; x_wconf 92' lang='lat' dir='ltr'><strong>quisque</strong></span> <span class='ocrx_word' id='word_1_171' title='bbox 1267 1369 1348 1408; x_wconf 86' lang='lat' dir='ltr'><strong>sato</strong></span> <span class='ocrx_word' id='word_1_172' title='bbox 1375 1366 1465 1407; x_wconf 74' lang='lat' dir='ltr'><strong>sine</strong></span> <span class='ocrx_word' id='word_1_173' title='bbox 1490 1367 1652 1419; x_wconf 90' lang='lat' dir='ltr'><strong>publico</strong></span> <span class='ocrx_word' id='word_1_174' title='bbox 1708 1359 1719 1418; x_wconf 61' lang='grc' dir='ltr'><strong>Ῑ,</strong></span> 
     </span>
     <span class='ocr_line' id='line_1_20' title="bbox 306 1432 1709 1484; baseline -0.001 -10"><span class='ocrx_word' id='word_1_175' title='bbox 306 1433 536 1475; x_wconf 90' lang='lat' dir='ltr'><strong>discrimine</strong></span> <span class='ocrx_word' id='word_1_176' title='bbox 557 1432 709 1472; x_wconf 88' lang='lat' dir='ltr'><strong>uiueret</strong></span> <span class='ocrx_word' id='word_1_177' title='bbox 732 1440 1042 1484; x_wconf 86' lang='lat' dir='ltr'><strong>morereturque.</strong></span> <span class='ocrx_word' id='word_1_178' title='bbox 1706 1439 1709 1446; x_wconf 63' lang='lat'>¹</span> 
     </span>
     <span class='ocr_line' id='line_1_21' title="bbox 239 1497 1702 1551; baseline 0.001 -14"><span class='ocrx_word' id='word_1_179' title='bbox 239 1508 288 1547; x_wconf 87' lang='lat'><strong>19</strong></span> <span class='ocrx_word' id='word_1_180' title='bbox 364 1503 504 1540; x_wconf 84' lang='lat' dir='ltr'><strong>Restat</strong></span> <span class='ocrx_word' id='word_1_181' title='bbox 524 1506 568 1538; x_wconf 86' lang='lat' dir='ltr'><strong>ut</strong></span> <span class='ocrx_word' id='word_1_182' title='bbox 588 1498 728 1550; x_wconf 90' lang='lat' dir='ltr'><strong>copiae</strong></span> <span class='ocrx_word' id='word_1_183' title='bbox 757 1497 883 1549; x_wconf 89' lang='lat' dir='ltr'><strong>copiis</strong></span> <span class='ocrx_word' id='word_1_184' title='bbox 905 1506 1186 1551; x_wconf 88' lang='lat' dir='ltr'><strong>comparentur</strong></span> <span class='ocrx_word' id='word_1_185' title='bbox 1214 1500 1278 1540; x_wconf 90' lang='lat' dir='ltr'><strong>uel</strong></span> <span class='ocrx_word' id='word_1_186' title='bbox 1308 1512 1477 1539; x_wconf 90' lang='lat' dir='ltr'><strong>numero</strong></span> <span class='ocrx_word' id='word_1_187' title='bbox 1497 1498 1563 1539; x_wconf 90' lang='lat' dir='ltr'><strong>uel</strong></span> <span class='ocrx_word' id='word_1_188' title='bbox 1583 1497 1653 1538; x_wconf 89' lang='lat' dir='ltr'><strong>mi-</strong></span> <span class='ocrx_word' id='word_1_189' title='bbox 1700 1543 1702 1545; x_wconf 54' lang='grc'><strong>,</strong></span> 
     </span>
     <span class='ocr_line' id='line_1_22' title="bbox 269 1564 1682 1618; baseline -0.001 -12"><span class='ocrx_word' id='word_1_190' title='bbox 269 1583 284 1605; x_wconf 88' lang='lat'><em>2</em></span> <span class='ocrx_word' id='word_1_191' title='bbox 306 1568 419 1606; x_wconf 88' lang='lat' dir='ltr'><strong>litum</strong></span> <span class='ocrx_word' id='word_1_192' title='bbox 441 1578 586 1618; x_wconf 88' lang='lat' dir='ltr'><strong>genere</strong></span> <span class='ocrx_word' id='word_1_193' title='bbox 607 1565 671 1604; x_wconf 89' lang='lat' dir='ltr'><strong>uel</strong></span> <span class='ocrx_word' id='word_1_194' title='bbox 696 1564 952 1605; x_wconf 91' lang='lat' dir='ltr'><strong>multitudine</strong></span> <span class='ocrx_word' id='word_1_195' title='bbox 972 1565 1218 1606; x_wconf 89' lang='lat' dir='ltr'><strong>auxiliorum.</strong></span> <span class='ocrx_word' id='word_1_196' title='bbox 1269 1565 1550 1607; x_wconf 89' lang='lat' dir='ltr'><strong>Censebantur</strong></span> <span class='ocrx_word' id='word_1_197' title='bbox 1567 1564 1682 1605; x_wconf 78' lang='lat' dir='ltr'><strong>eius--</strong></span> 
     </span>
     <span class='ocr_line' id='line_1_23' title="bbox 305 1630 1703 1683; baseline -0.001 -10"><span class='ocrx_word' id='word_1_198' title='bbox 305 1632 444 1673; x_wconf 88' lang='lat' dir='ltr'><strong>aetatis</strong></span> <span class='ocrx_word' id='word_1_199' title='bbox 468 1631 599 1671; x_wconf 86' lang='lat' dir='ltr'><strong>lustris</strong></span> <span class='ocrx_word' id='word_1_200' title='bbox 630 1632 789 1670; x_wconf 86' lang='lat' dir='ltr'><strong>ducena</strong></span> <span class='ocrx_word' id='word_1_201' title='bbox 821 1630 1106 1683; x_wconf 86' lang='lat' dir='ltr'><strong>quinquagena</strong></span> <span class='ocrx_word' id='word_1_202' title='bbox 1134 1631 1242 1671; x_wconf 86' lang='lat' dir='ltr'><strong>milia</strong></span> <span class='ocrx_word' id='word_1_203' title='bbox 1260 1630 1450 1683; x_wconf 89' lang='lat' dir='ltr'><strong>capitum.</strong></span> <span class='ocrx_word' id='word_1_204' title='bbox 1510 1630 1655 1683; x_wconf 85' lang='lat' dir='ltr'><strong>Itaque</strong></span> <span class='ocrx_word' id='word_1_205' title='bbox 1701 1633 1703 1637; x_wconf 72' lang='grc'>’</span> 
     </span>
     <span class='ocr_line' id='line_1_24' title="bbox 304 1696 1654 1749; baseline -0.001 -11"><span class='ocrx_word' id='word_1_206' title='bbox 304 1698 345 1738; x_wconf 91' lang='lat' dir='ltr'><strong>in</strong></span> <span class='ocrx_word' id='word_1_207' title='bbox 367 1697 477 1738; x_wconf 89' lang='lat' dir='ltr'><strong>omni</strong></span> <span class='ocrx_word' id='word_1_208' title='bbox 499 1698 727 1738; x_wconf 86' lang='lat' dir='ltr'><strong>defectione</strong></span> <span class='ocrx_word' id='word_1_209' title='bbox 759 1696 959 1737; x_wconf 89' lang='lat' dir='ltr'><strong>sociorum</strong></span> <span class='ocrx_word' id='word_1_210' title='bbox 992 1697 1123 1737; x_wconf 88' lang='lat' dir='ltr'><strong>Latini</strong></span> <span class='ocrx_word' id='word_1_211' title='bbox 1153 1696 1325 1737; x_wconf 89' lang='lat' dir='ltr'><strong>nominis</strong></span> <span class='ocrx_word' id='word_1_212' title='bbox 1353 1697 1510 1737; x_wconf 88' lang='lat' dir='ltr'><strong>urbano</strong></span> <span class='ocrx_word' id='word_1_213' title='bbox 1529 1709 1654 1749; x_wconf 92' lang='lat' dir='ltr'><strong>prope</strong></span> 
     </span>
     <span class='ocr_line' id='line_1_25' title="bbox 268 1761 1698 1815; baseline -0.001 -11"><span class='ocrx_word' id='word_1_214' title='bbox 268 1777 286 1808; x_wconf 84' lang='lat'><strong>3</strong></span> <span class='ocrx_word' id='word_1_215' title='bbox 305 1764 453 1805; x_wconf 90' lang='lat' dir='ltr'><strong>dilectu</strong></span> <span class='ocrx_word' id='word_1_216' title='bbox 493 1765 634 1803; x_wconf 87' lang='lat' dir='ltr'><strong>decem</strong></span> <span class='ocrx_word' id='word_1_217' title='bbox 677 1762 954 1806; x_wconf 85' lang='lat' dir='ltr'><strong>scribebantur</strong></span> <span class='ocrx_word' id='word_1_218' title='bbox 990 1764 1167 1815; x_wconf 87' lang='lat' dir='ltr'><strong>legiones</strong></span> <span class='ocrx_word' id='word_1_219' title='bbox 1182 1778 1194 1813; x_wconf 93' lang='lat'>;</span> <span class='ocrx_word' id='word_1_220' title='bbox 1239 1761 1421 1815; x_wconf 90' lang='lat' dir='ltr'><strong>quaterni</strong></span> <span class='ocrx_word' id='word_1_221' title='bbox 1461 1761 1654 1814; x_wconf 88' lang='lat' dir='ltr'><strong>quinique</strong></span> <span class='ocrx_word' id='word_1_222' title='bbox 1696 1792 1698 1794; x_wconf 92' lang='lat'>-</span> 
     </span>
     <span class='ocr_line' id='line_1_26' title="bbox 306 1827 1654 1881; baseline -0.001 -11"><span class='ocrx_word' id='word_1_223' title='bbox 306 1829 499 1870; x_wconf 90' lang='lat' dir='ltr'><strong>exercitus</strong></span> <span class='ocrx_word' id='word_1_224' title='bbox 523 1843 644 1881; x_wconf 86' lang='lat' dir='ltr'><strong>saepe</strong></span> <span class='ocrx_word' id='word_1_225' title='bbox 666 1843 736 1880; x_wconf 89' lang='lat' dir='ltr'><strong>per</strong></span> <span class='ocrx_word' id='word_1_226' title='bbox 756 1842 825 1868; x_wconf 94' lang='lat' dir='ltr'><strong>eos</strong></span> <span class='ocrx_word' id='word_1_227' title='bbox 852 1842 981 1869; x_wconf 89' lang='lat' dir='ltr'><strong>annos</strong></span> <span class='ocrx_word' id='word_1_228' title='bbox 1009 1827 1051 1869; x_wconf 90' lang='lat' dir='ltr'><strong>in</strong></span> <span class='ocrx_word' id='word_1_229' title='bbox 1083 1830 1248 1878; x_wconf 86' lang='lat' dir='ltr'><strong>Etruria,</strong></span> <span class='ocrx_word' id='word_1_230' title='bbox 1273 1828 1312 1868; x_wconf 92' lang='lat' dir='ltr'><strong>in</strong></span> <span class='ocrx_word' id='word_1_231' title='bbox 1333 1827 1503 1869; x_wconf 86' lang='lat' dir='ltr'><strong>Vmbria</strong></span> <span class='ocrx_word' id='word_1_232' title='bbox 1528 1829 1654 1869; x_wconf 83' lang='lat' dir='ltr'><strong>Gallis</strong></span> 
     </span>
     <span class='ocr_line' id='line_1_27' title="bbox 306 1892 1652 1946; baseline -0.001 -11"><span class='ocrx_word' id='word_1_233' title='bbox 306 1895 489 1936; x_wconf 86' lang='lat' dir='ltr'><strong>hostibus</strong></span> <span class='ocrx_word' id='word_1_234' title='bbox 512 1894 725 1943; x_wconf 87' lang='lat' dir='ltr'><strong>adiunctis,</strong></span> <span class='ocrx_word' id='word_1_235' title='bbox 749 1893 788 1933; x_wconf 91' lang='lat' dir='ltr'><strong>in</strong></span> <span class='ocrx_word' id='word_1_236' title='bbox 811 1894 986 1944; x_wconf 87' lang='lat' dir='ltr'><strong>Samnio,</strong></span> <span class='ocrx_word' id='word_1_237' title='bbox 1009 1893 1050 1934; x_wconf 90' lang='lat' dir='ltr'><strong>in</strong></span> <span class='ocrx_word' id='word_1_238' title='bbox 1073 1893 1244 1934; x_wconf 89' lang='lat' dir='ltr'><strong>Lucanis</strong></span> <span class='ocrx_word' id='word_1_239' title='bbox 1271 1893 1464 1946; x_wconf 88' lang='lat' dir='ltr'><strong>gerebant</strong></span> <span class='ocrx_word' id='word_1_240' title='bbox 1489 1892 1652 1934; x_wconf 89' lang='lat' dir='ltr'><strong>bellum.</strong></span> 
     </span>
     <span class='ocr_line' id='line_1_28' title="bbox 267 1958 1655 2011; baseline -0.002 -9"><span class='ocrx_word' id='word_1_241' title='bbox 267 1973 286 2003; x_wconf 86' lang='lat'>4</span> <span class='ocrx_word' id='word_1_242' title='bbox 308 1961 465 2001; x_wconf 77' lang='lat' dir='ltr'><strong>&#39;Latium</strong></span> <span class='ocrx_word' id='word_1_243' title='bbox 492 1960 641 2000; x_wconf 84' lang='lat' dir='ltr'><strong>deinde</strong></span> <span class='ocrx_word' id='word_1_244' title='bbox 671 1974 793 2000; x_wconf 89' lang='lat' dir='ltr'><strong>omne</strong></span> <span class='ocrx_word' id='word_1_245' title='bbox 822 1974 915 1999; x_wconf 85' lang='lat' dir='ltr'><strong>curn</strong></span> <span class='ocrx_word' id='word_1_246' title='bbox 945 1959 1104 2000; x_wconf 89' lang='lat' dir='ltr'><strong>Sabinis</strong></span> <span class='ocrx_word' id='word_1_247' title='bbox 1132 1968 1172 2000; x_wconf 90' lang='lat' dir='ltr'><strong>et</strong></span> <span class='ocrx_word' id='word_1_248' title='bbox 1193 1961 1350 2000; x_wconf 90' lang='lat' dir='ltr'><strong>Volscis</strong></span> <span class='ocrx_word' id='word_1_249' title='bbox 1375 1967 1414 2000; x_wconf 87' lang='lat' dir='ltr'><strong>et</strong></span> <span class='ocrx_word' id='word_1_250' title='bbox 1432 1958 1587 2011; x_wconf 90' lang='lat' dir='ltr'><strong>Aequis</strong></span> <span class='ocrx_word' id='word_1_251' title='bbox 1614 1966 1655 1999; x_wconf 88' lang='lat' dir='ltr'><strong>et</strong></span> 
     </span>
     <span class='ocr_line' id='line_1_29' title="bbox 306 2024 1694 2078; baseline -0.001 -12"><span class='ocrx_word' id='word_1_252' title='bbox 306 2026 415 2066; x_wconf 88' lang='lat' dir='ltr'><strong>omni</strong></span> <span class='ocrx_word' id='word_1_253' title='bbox 439 2025 663 2078; x_wconf 84' lang='lat' dir='ltr'><strong>Campania</strong></span> <span class='ocrx_word' id='word_1_254' title='bbox 683 2034 722 2065; x_wconf 91' lang='lat' dir='ltr'><strong>et</strong></span> <span class='ocrx_word' id='word_1_255' title='bbox 742 2033 853 2078; x_wconf 87' lang='lat' dir='ltr'><strong>parte</strong></span> <span class='ocrx_word' id='word_1_256' title='bbox 867 2026 1059 2066; x_wconf 85' lang='lat' dir='ltr'><strong>Vmbriae</strong></span> <span class='ocrx_word' id='word_1_257' title='bbox 1081 2025 1341 2077; x_wconf 86' lang='lat' dir='ltr'><strong>Etruriaeque</strong></span> <span class='ocrx_word' id='word_1_258' title='bbox 1360 2033 1400 2065; x_wconf 89' lang='lat' dir='ltr'><strong>et</strong></span> <span class='ocrx_word' id='word_1_259' title='bbox 1421 2024 1654 2065; x_wconf 86' lang='lat' dir='ltr'><strong>Picentibus</strong></span> <span class='ocrx_word' id='word_1_260' title='bbox 1692 2028 1694 2033; x_wconf 82' lang='grc'><strong>“</strong></span> 
     </span>
     <span class='ocr_line' id='line_1_30' title="bbox 306 2089 1696 2143; baseline -0.002 -11"><span class='ocrx_word' id='word_1_261' title='bbox 306 2101 345 2133; x_wconf 82' lang='lat' dir='ltr'><strong>et</strong></span> <span class='ocrx_word' id='word_1_262' title='bbox 371 2092 516 2132; x_wconf 81' lang='lat' dir='ltr'><strong>Marsis</strong></span> <span class='ocrx_word' id='word_1_263' title='bbox 548 2091 827 2143; x_wconf 86' lang='lat' dir='ltr'><strong>Paelignisque</strong></span> <span class='ocrx_word' id='word_1_264' title='bbox 858 2105 905 2130; x_wconf 85' lang='lat' dir='ltr'><strong>ac</strong></span> <span class='ocrx_word' id='word_1_265' title='bbox 932 2090 1108 2132; x_wconf 89' lang='lat' dir='ltr'><strong>Vestinis</strong></span> <span class='ocrx_word' id='word_1_266' title='bbox 1135 2099 1258 2143; x_wconf 88' lang='lat' dir='ltr'><strong>atque</strong></span> <span class='ocrx_word' id='word_1_267' title='bbox 1287 2092 1441 2143; x_wconf 89' lang='lat' dir='ltr'><strong>Apulis,</strong></span> <span class='ocrx_word' id='word_1_268' title='bbox 1463 2089 1654 2131; x_wconf 82' lang='lat' dir='ltr'><strong>adiuncta</strong></span> <span class='ocrx_word' id='word_1_269' title='bbox 1693 2095 1696 2099; x_wconf 89' lang='lat'>&#39;</span> 
     </span>
    </p>
   </div>
   <div class='ocr_carea' id='block_1_5' title="bbox 300 2191 1696 2542">
    <p class='ocr_par' dir='ltr' id='par_1_5' title="bbox 300 2191 1696 2542">
     <span class='ocr_line' id='line_1_31' title="bbox 300 2191 1654 2236; baseline 0 -14"><span class='ocrx_word' id='word_1_270' title='bbox 300 2198 377 2236; x_wconf 16' lang='lat' dir='ltr'><strong>prm!</strong></span> <span class='ocrx_word' id='word_1_271' title='bbox 386 2194 568 2225; x_wconf 77' lang='lat' dir='ltr'><strong>annalibus</strong></span> <span class='ocrx_word' id='word_1_272' title='bbox 582 2194 729 2235; x_wconf 71' lang='lat' dir='ltr'><strong>spatium</strong></span> <span class='ocrx_word' id='word_1_273' title='bbox 744 2192 963 2233; x_wconf 78' lang='lat' dir='ltr'><strong>unr&#39;usfcrmc</strong></span> <span class='ocrx_word' id='word_1_274' title='bbox 972 2193 1032 2225; x_wconf 78' lang='lat' dir='ltr'><strong>lr&#39;lt.</strong></span> <span class='ocrx_word' id='word_1_275' title='bbox 1049 2192 1194 2224; x_wconf 69' lang='lat' dir='ltr'><strong>relictum</strong></span> <span class='ocrx_word' id='word_1_276' title='bbox 1204 2192 1264 2235; x_wconf 79' lang='lat' dir='ltr'><strong>cst)</strong></span> <span class='ocrx_word' id='word_1_277' title='bbox 1278 2204 1286 2224; x_wconf 89' lang='lat'>:</span> <span class='ocrx_word' id='word_1_278' title='bbox 1303 2192 1464 2232; x_wconf 81' lang='lat' dir='ltr'><strong>fastisque</strong></span> <span class='ocrx_word' id='word_1_279' title='bbox 1478 2191 1654 2231; x_wconf 82' lang='lat' dir='ltr'><strong>magistra-</strong></span> 
     </span>
     <span class='ocr_line' id='line_1_32' title="bbox 307 2235 1695 2277; baseline -0.001 -8"><span class='ocrx_word' id='word_1_280' title='bbox 307 2243 399 2269; x_wconf 85' lang='lat' dir='ltr'><strong>tuum</strong></span> <span class='ocrx_word' id='word_1_281' title='bbox 413 2238 618 2276; x_wconf 79' lang='lat' dir='ltr'><strong>Mommsen,</strong></span> <span class='ocrx_word' id='word_1_282' title='bbox 632 2237 734 2269; x_wconf 77' lang='lat' dir='ltr'><strong>Rom.</strong></span> <span class='ocrx_word' id='word_1_283' title='bbox 749 2237 913 2277; x_wconf 55' lang='lat' dir='ltr'><strong>Clamas).</strong></span> <span class='ocrx_word' id='word_1_284' title='bbox 926 2236 1124 2276; x_wconf 68' lang='lat' dir='ltr'><strong>20833edtjf.</strong></span> <span class='ocrx_word' id='word_1_285' title='bbox 1137 2247 1167 2268; x_wconf 84' lang='lat'><strong>2.</strong></span> <span class='ocrx_word' id='word_1_286' title='bbox 1182 2246 1235 2277; x_wconf 86' lang='lat'><strong>57.</strong></span> <span class='ocrx_word' id='word_1_287' title='bbox 1248 2246 1268 2276; x_wconf 83' lang='lat'>3</span> <span class='ocrx_word' id='word_1_288' title='bbox 1280 2235 1357 2268; x_wconf 82' lang='lat' dir='ltr'><strong>adn.</strong></span> <span class='ocrx_word' id='word_1_289' title='bbox 1373 2246 1421 2276; x_wconf 83' lang='lat'><strong>;3.</strong></span> <span class='ocrx_word' id='word_1_290' title='bbox 1438 2245 1469 2268; x_wconf 83' lang='lat'><strong>2.</strong></span> <span class='ocrx_word' id='word_1_291' title='bbox 1487 2245 1500 2266; x_wconf 84' lang='lat'>1</span> <span class='ocrx_word' id='word_1_292' title='bbox 1512 2245 1524 2266; x_wconf 87' lang='lat' dir='ltr'><strong>r</strong></span> <span class='ocrx_word' id='word_1_293' title='bbox 1536 2246 1544 2274; x_wconf 78' lang='lat'><em>3</em></span> <span class='ocrx_word' id='word_1_294' title='bbox 1555 2245 1586 2275; x_wconf 89' lang='lat'><strong>3.</strong></span> <span class='ocrx_word' id='word_1_295' title='bbox 1600 2244 1653 2276; x_wconf 81' lang='lat'><strong>45.</strong></span> <span class='ocrx_word' id='word_1_296' title='bbox 1688 2238 1695 2275; x_wconf 61' lang='grc' dir='ltr'>ἦ</span> 
     </span>
     <span class='ocr_line' id='line_1_33' title="bbox 306 2278 1696 2322; baseline -0.003 -9"><span class='ocrx_word' id='word_1_297' title='bbox 306 2284 343 2318; x_wconf 86' lang='grc'><strong>6;</strong></span> <span class='ocrx_word' id='word_1_298' title='bbox 362 2291 395 2322; x_wconf 89' lang='lat'><strong>5.</strong></span> <span class='ocrx_word' id='word_1_299' title='bbox 407 2292 459 2320; x_wconf 86' lang='grc' dir='ltr'><strong>3ο.</strong></span> <span class='ocrx_word' id='word_1_300' title='bbox 476 2293 495 2321; x_wconf 88' lang='lat'><strong>4</strong></span> <span class='ocrx_word' id='word_1_301' title='bbox 571 2292 608 2321; x_wconf 85' lang='lat'><strong>¹3</strong></span> <span class='ocrx_word' id='word_1_302' title='bbox 622 2282 796 2322; x_wconf 84' lang='lat' dir='ltr'><strong>quisquam</strong></span> <span class='ocrx_word' id='word_1_303' title='bbox 811 2279 965 2321; x_wconf 81' lang='lat' dir='ltr'><em>MPFUp</em></span> <span class='ocrx_word' id='word_1_304' title='bbox 973 2279 1116 2311; x_wconf 86' lang='lat' dir='ltr'><em>TDLA:</em></span> <span class='ocrx_word' id='word_1_305' title='bbox 1129 2280 1307 2320; x_wconf 86' lang='lat' dir='ltr'><strong>quisquam</strong></span> <span class='ocrx_word' id='word_1_306' title='bbox 1318 2279 1405 2312; x_wconf 81' lang='lat' dir='ltr'><strong>alius</strong></span> <span class='ocrx_word' id='word_1_307' title='bbox 1419 2278 1459 2320; x_wconf 88' lang='lat' dir='ltr'><strong>O,</strong></span> <span class='ocrx_word' id='word_1_308' title='bbox 1472 2278 1545 2311; x_wconf 76' lang='lat' dir='ltr'><strong>deu.</strong></span> <span class='ocrx_word' id='word_1_309' title='bbox 1560 2289 1654 2310; x_wconf 82' lang='lat' dir='ltr'><strong>unus</strong></span> <span class='ocrx_word' id='word_1_310' title='bbox 1686 2279 1696 2320; x_wconf 42' lang='grc' dir='ltr'><strong>ᾗ,</strong></span> 
     </span>
     <span class='ocr_line' id='line_1_34' title="bbox 307 2321 1651 2366; baseline -0.001 -10"><span class='ocrx_word' id='word_1_311' title='bbox 307 2325 425 2365; x_wconf 82' lang='lat' dir='ltr'><strong>(Harl.</strong></span> <span class='ocrx_word' id='word_1_312' title='bbox 440 2327 486 2366; x_wconf 74' lang='lat'><strong>2),</strong></span> <span class='ocrx_word' id='word_1_313' title='bbox 502 2324 589 2356; x_wconf 80' lang='lat' dir='ltr'><strong>male</strong></span> <span class='ocrx_word' id='word_1_314' title='bbox 603 2326 701 2366; x_wconf 82' lang='lat' dir='ltr'><strong>(nam</strong></span> <span class='ocrx_word' id='word_1_315' title='bbox 715 2334 778 2355; x_wconf 88' lang='lat' dir='ltr'><strong>rex</strong></span> <span class='ocrx_word' id='word_1_316' title='bbox 788 2323 875 2355; x_wconf 75' lang='lat' dir='ltr'><strong>idem</strong></span> <span class='ocrx_word' id='word_1_317' title='bbox 885 2323 1051 2365; x_wconf 66' lang='lat' dir='ltr'><strong>significat</strong></span> <span class='ocrx_word' id='word_1_318' title='bbox 1059 2322 1153 2365; x_wconf 87' lang='lat' dir='ltr'><strong>quod</strong></span> <span class='ocrx_word' id='word_1_319' title='bbox 1159 2323 1296 2363; x_wconf 78' lang='lat' dir='ltr'><strong>regulus</strong></span> <span class='ocrx_word' id='word_1_320' title='bbox 1306 2323 1488 2363; x_wconf 84' lang='lat' dir='ltr'><strong>Asiaticus,</strong></span> <span class='ocrx_word' id='word_1_321' title='bbox 1504 2323 1544 2363; x_wconf 62' lang='lat' dir='ltr'><strong>ej:</strong></span> <span class='ocrx_word' id='word_1_322' title='bbox 1558 2321 1651 2364; x_wconf 52' lang='lat' dir='ltr'><strong>Veae.</strong></span> 
     </span>
     <span class='ocr_line' id='line_1_35' title="bbox 309 2366 1653 2410; baseline -0.002 -10"><span class='ocrx_word' id='word_1_323' title='bbox 309 2368 425 2410; x_wconf 79' lang='lat' dir='ltr'><strong>Georg.</strong></span> <span class='ocrx_word' id='word_1_324' title='bbox 446 2379 476 2399; x_wconf 85' lang='lat'><strong>2.</strong></span> <span class='ocrx_word' id='word_1_325' title='bbox 499 2369 576 2409; x_wconf 78' lang='lat'>498)</span> <span class='ocrx_word' id='word_1_326' title='bbox 687 2378 725 2408; x_wconf 88' lang='lat'><strong>14</strong></span> <span class='ocrx_word' id='word_1_327' title='bbox 751 2372 829 2407; x_wconf 77' lang='lat' dir='ltr'><strong>post</strong></span> <span class='ocrx_word' id='word_1_328' title='bbox 844 2371 980 2408; x_wconf 85' lang='lat' dir='ltr'><strong>ternpus</strong></span> <span class='ocrx_word' id='word_1_329' title='bbox 990 2391 999 2399; x_wconf 94' lang='lat'>.</span> <span class='ocrx_word' id='word_1_330' title='bbox 1016 2390 1024 2399; x_wconf 94' lang='lat'><strong>.</strong></span> <span class='ocrx_word' id='word_1_331' title='bbox 1040 2391 1049 2400; x_wconf 88' lang='lat'><strong>.</strong></span> <span class='ocrx_word' id='word_1_332' title='bbox 1064 2367 1212 2399; x_wconf 86' lang='lat' dir='ltr'><strong>reuocati</strong></span> <span class='ocrx_word' id='word_1_333' title='bbox 1229 2371 1306 2398; x_wconf 82' lang='lat' dir='ltr'><strong>sunt</strong></span> <span class='ocrx_word' id='word_1_334' title='bbox 1321 2366 1374 2398; x_wconf 80' lang='lat' dir='ltr'><strong>ln&#39;c</strong></span> <span class='ocrx_word' id='word_1_335' title='bbox 1386 2366 1513 2398; x_wconf 80' lang='lat' dir='ltr'><strong>omissa</strong></span> <span class='ocrx_word' id='word_1_336' title='bbox 1522 2369 1602 2408; x_wconf 78' lang='lat' dir='ltr'><strong>post</strong></span> <span class='ocrx_word' id='word_1_337' title='bbox 1615 2375 1653 2398; x_wconf 87' lang='lat' dir='ltr'><strong>se</strong></span> 
     </span>
     <span class='ocr_line' id='line_1_36' title="bbox 307 2409 1694 2453; baseline -0.003 -9"><span class='ocrx_word' id='word_1_338' title='bbox 307 2423 418 2445; x_wconf 86' lang='lat' dir='ltr'><strong>annus</strong></span> <span class='ocrx_word' id='word_1_339' title='bbox 439 2412 575 2444; x_wconf 81' lang='lat' dir='ltr'><strong>tandem</strong></span> <span class='ocrx_word' id='word_1_340' title='bbox 587 2411 853 2452; x_wconf 73' lang='lat' dir='ltr'><strong>potr1111tPF(cs.</strong></span> <span class='ocrx_word' id='word_1_341' title='bbox 863 2411 893 2443; x_wconf 87' lang='lat'><strong>8.</strong></span> <span class='ocrx_word' id='word_1_342' title='bbox 905 2412 935 2443; x_wconf 90' lang='lat'><strong>8.</strong></span> <span class='ocrx_word' id='word_1_343' title='bbox 949 2422 968 2450; x_wconf 84' lang='lat'><strong>4</strong></span> <span class='ocrx_word' id='word_1_344' title='bbox 979 2409 1077 2453; x_wconf 83' lang='lat' dir='ltr'><strong>adn.)</strong></span> <span class='ocrx_word' id='word_1_345' title='bbox 1158 2420 1195 2451; x_wconf 80' lang='lat'><strong>17</strong></span> <span class='ocrx_word' id='word_1_346' title='bbox 1213 2411 1359 2452; x_wconf 85' lang='lat' dir='ltr'><strong>pignora</strong></span> <span class='ocrx_word' id='word_1_347' title='bbox 1371 2409 1500 2452; x_wconf 84' lang='lat' dir='ltr'><strong>MUpO</strong></span> <span class='ocrx_word' id='word_1_348' title='bbox 1509 2409 1650 2451; x_wconf 87' lang='lat' dir='ltr'><em>TDLA,</em></span> <span class='ocrx_word' id='word_1_349' title='bbox 1690 2420 1694 2422; x_wconf 54' lang='lat'><em>⁷</em></span> 
     </span>
     <span class='ocr_line' id='line_1_37' title="bbox 307 2451 1695 2499; baseline 0 -12"><span class='ocrx_word' id='word_1_350' title='bbox 307 2457 347 2499; x_wconf 90' lang='lat' dir='ltr'><strong>cf.</strong></span> <span class='ocrx_word' id='word_1_351' title='bbox 364 2467 396 2497; x_wconf 90' lang='lat'><strong>9.</strong></span> <span class='ocrx_word' id='word_1_352' title='bbox 422 2466 470 2495; x_wconf 88' lang='lat'><strong>15.</strong></span> <span class='ocrx_word' id='word_1_353' title='bbox 496 2466 537 2495; x_wconf 87' lang='lat'><strong>7:</strong></span> <span class='ocrx_word' id='word_1_354' title='bbox 561 2455 704 2496; x_wconf 85' lang='lat' dir='ltr'><strong>pignera</strong></span> <span class='ocrx_word' id='word_1_355' title='bbox 720 2454 789 2495; x_wconf 87' lang='lat' dir='ltr'><strong>PF,</strong></span> <span class='ocrx_word' id='word_1_356' title='bbox 808 2455 844 2492; x_wconf 69' lang='lat' dir='ltr'><strong>‘fi</strong></span> <span class='ocrx_word' id='word_1_357' title='bbox 863 2464 894 2486; x_wconf 82' lang='lat'><strong>2.</strong></span> <span class='ocrx_word' id='word_1_358' title='bbox 915 2464 942 2486; x_wconf 91' lang='lat'><strong>1.</strong></span> <span class='ocrx_word' id='word_1_359' title='bbox 959 2463 979 2494; x_wconf 89' lang='lat'>5</span> <span class='ocrx_word' id='word_1_360' title='bbox 997 2454 1097 2491; x_wconf 79' lang='lat' dir='ltr'><strong>adn.;</strong></span> <span class='ocrx_word' id='word_1_361' title='bbox 1122 2465 1175 2487; x_wconf 88' lang='lat'><strong>21.</strong></span> <span class='ocrx_word' id='word_1_362' title='bbox 1195 2465 1247 2487; x_wconf 78' lang='lat'><strong>21.</strong></span> <span class='ocrx_word' id='word_1_363' title='bbox 1269 2465 1304 2486; x_wconf 89' lang='lat'><strong>11</strong></span> <span class='ocrx_word' id='word_1_364' title='bbox 1438 2464 1478 2495; x_wconf 86' lang='lat'><strong>19</strong></span> <span class='ocrx_word' id='word_1_365' title='bbox 1507 2451 1652 2485; x_wconf 84' lang='lat' dir='ltr'><strong>Romani</strong></span> <span class='ocrx_word' id='word_1_366' title='bbox 1690 2483 1695 2494; x_wconf 35' lang='lat'>5</span> 
     </span>
     <span class='ocr_line' id='line_1_38' title="bbox 309 2496 1695 2542; baseline -0.001 -11"><span class='ocrx_word' id='word_1_367' title='bbox 309 2498 584 2542; x_wconf 82' lang='lat' dir='ltr'><em>MPFUpOD³A</em></span> <span class='ocrx_word' id='word_1_368' title='bbox 605 2510 612 2531; x_wconf 89' lang='lat'>:</span> <span class='ocrx_word' id='word_1_369' title='bbox 636 2499 785 2530; x_wconf 84' lang='lat' dir='ltr'><strong>romanis</strong></span> <span class='ocrx_word' id='word_1_370' title='bbox 807 2497 838 2529; x_wconf 86' lang='lat' dir='ltr'><em>T</em></span> <span class='ocrx_word' id='word_1_371' title='bbox 847 2501 877 2530; x_wconf 74' lang='lat' dir='ltr'><strong>ct</strong></span> <span class='ocrx_word' id='word_1_372' title='bbox 891 2498 1040 2539; x_wconf 59' lang='lat' dir='ltr'><strong>omnibu</strong></span> <span class='ocrx_word' id='word_1_373' title='bbox 1056 2509 1132 2530; x_wconf 84' lang='lat' dir='ltr'><strong>cum</strong></span> <span class='ocrx_word' id='word_1_374' title='bbox 1145 2502 1269 2540; x_wconf 76' lang='lat' dir='ltr'><strong>puncto</strong></span> <span class='ocrx_word' id='word_1_375' title='bbox 1285 2502 1360 2530; x_wconf 80' lang='lat' dir='ltr'><strong>ante</strong></span> <span class='ocrx_word' id='word_1_376' title='bbox 1376 2496 1520 2538; x_wconf 84' lang='lat' dir='ltr'><strong>multi)L</strong></span> <span class='ocrx_word' id='word_1_377' title='bbox 1692 2500 1695 2502; x_wconf 84' lang='lat'>&#39;</span> 
     </span>
    </p>
   </div>
   <div class='ocr_carea' id='block_1_6' title="bbox 1681 1358 1722 2748">
    <p class='ocr_par' dir='ltr' id='par_1_6' title="bbox 1681 1358 1722 2748">
     <span class='ocr_line' id='line_1_39' title="bbox 1681 1358 1722 2748; baseline 0 0"><span class='ocrx_word' id='word_1_378' title='bbox 1681 1358 1722 2748; x_wconf 95' lang='lat' dir='ltr'><strong> </strong></span> 
     </span>
    </p>
   </div>
  </div>
 </body>
</html>
