1722 2748
262 132 302 171 X
321 132 367 171 18
393 148 430 180 13
857 136 977 195 TITI
1010 137 1127 175 mvl

322 245 427 285 bello
457 253 526 285 tuo
557 246 718 285 forsitan
751 245 816 285 uix
846 213 1028 295 sufiidcias,
1052 248 1130 286 huc
1160 254 1199 288 te
1226 248 1279 288 ad
1308 260 1428 300 opem
1459 248 1662 288 ferendam

262 328 298 361 ¹4
318 311 405 352 aliis
433 311 589 364 gloriari
619 311 801 352 uenisse.'
860 315 982 362 Bene,
1012 314 1204 363 hercules,
1230 321 1410 363 uerteret,
1433 313 1566 359 dicere
1585 315 1665 354 Vo-

318 378 494 418 lumnius
510 393 520 428 3
553 380 672 419 malle
693 380 833 419 frustra
854 393 1015 431 operam
1042 379 1284 432 insumptam
1306 394 1427 432 quam
1448 380 1664 434 quicquam

319 443 506 485 incidisse
530 458 600 484 cur
624 458 706 484 non
733 446 828 484 satis
854 454 959 486 esset
985 445 1163 486 Etruriae
1187 459 1290 486 unus
1316 447 1535 487 consularis
1560 461 1665 488 exer·

318 509 432 550 citus.
993 503 996 506 “

247 583 296 622 19
376 575 654 628 Digredientes
683 575 760 616 iam
788 579 974 618 consules
1003 577 1119 629 legati
1145 577 1374 631 tribunique
1400 592 1448 620 ex
1474 578 1663 631 Appiano

318 642 492 683 exercitu
519 642 827 684 circumsistunt.
891 647 984 684 Pars
1015 644 1293 697 imperatorem
1324 659 1441 686 suum
1470 659 1583 686 orare
1612 659 1663 686 ne

317 711 493 761 collegae
522 709 724 759 auxilium,
747 712 858 762 quod
885 711 1123 752 acciendum
1146 713 1248 752 ultro
1268 711 1395 762 suerit,
1418 726 1490 753 sua
1519 720 1663 765 sponte

279 789 294 812 2
317 775 498 815 oblatum
529 782 806 827 sperneretur,·
841 778 972 829 plures
1002 777 1165 818 abeunti
1195 777 1416 818 Volumnio
1444 777 1639 819 obsistere
1654 793 1665 828 3

317 841 506 882 obtestari
543 855 594 882 ne
626 855 750 893 prauo
780 856 872 882 cum
907 845 1060 896 collega
1092 843 1308 884 certamine
1341 858 1424 885 rem
1460 843 1662 896 publicam

318 909 486 960 prodat:
530 909 561 947 si
600 922 680 960 qua
719 909 852 949 clades
890 909 1109 960 incidisset,
1147 910 1338 951 desertori
1378 910 1504 963 magis
1541 925 1662 963 quam

279 986 297 1018 3
317 975 476 1015 deserto
506 988 633 1014 noxae
661 975 743 1015 sore
757 990 787 1025 ;-
811 989 861 1016 eo
890 989 972 1016 rem
1003 977 1219 1016 adductam
1250 985 1294 1017 ut
1323 990 1445 1018 omne
1473 978 1529 1017 rei
1558 977 1663 1018 bene

316 1048 385 1080 aut
414 1054 529 1081 secus
557 1049 692 1093 gestae
723 1041 763 1081 in
795 1041 953 1082 Etruria
982 1043 1106 1083 decus
1136 1044 1394 1095 dedecusque
1422 1043 1476 1084 ad
1511 1045 1555 1083 L.
1584 1045 1663 1083 Vo-

317 1107 513 1147 lumnium
546 1108 595 1147 sit
616 1109 843 1160 delegatum
860 1123 870 1158 ;
901 1110 1101 1149 neminem
1124 1109 1394 1161 quaesiturum
1416 1120 1520 1162 quae
1540 1109 1663 1150 uerba
1715 1155 1717 1161 ⁸

277 1190 295 1221 4
317 1173 423 1225 Appi
453 1174 525 1214 sed
554 1187 658 1225 quae
687 1175 845 1214 fortuna
874 1174 1068 1215 exercitus
1100 1175 1213 1215 suerit
1228 1190 1240 1225 3
1269 1175 1415 1216 dimitti
1445 1176 1498 1216 ab
1527 1175 1663 1228 Appio

315 1254 407 1280 eum
438 1241 509 1280 sed
538 1253 562 1279 a
591 1254 632 1280 re
662 1240 823 1292 publica
853 1248 892 1281 et
921 1241 974 1281 ab
1003 1241 1175 1282 exercitu
1207 1241 1363 1282 retineri
1378 1257 1389 1292 ;
1422 1241 1663 1294 experiretur
1704 1257 1717 1283 ¹:

316 1308 439 1347 modo
460 1308 708 1347 uoluntatem
733 1306 916 1347 militum.

278 1392 295 1423 5
371 1376 488 1414 Haec
510 1375 715 1414 monendo
738 1375 1062 1427 obtestandoque
1083 1388 1208 1427 prope
1233 1375 1458 1416 restitantes
1476 1376 1662 1417 consules

315 1440 355 1480 in
376 1441 607 1482 contionem
630 1449 914 1492 pertraxerunt.
976 1441 1038 1481 Ibi
1062 1442 1260 1482 orationes
1284 1441 1481 1493 longiores
1501 1442 1662 1482 habitae
1695 1457 1713 1485 z

314 1506 354 1546 in
375 1508 546 1547 eandem
566 1507 688 1546 ferme
705 1506 956 1556 sententiam,
978 1506 1018 1546 in
1035 1521 1155 1559 quam
1178 1507 1278 1547 inter
1298 1521 1448 1559 paucos
1467 1515 1659 1548 certatum
1690 1521 1722 1545 ω

363 1623 400 1653 13
425 1613 489 1644 huc
507 1611 557 1642 A³
575 1612 628 1643 uel
643 1611 693 1643 A⁴
710 1612 784 1645 dett.
808 1612 894 1645 duo:
921 1613 974 1645 hic
993 1613 1148 1656 MPFUp
1157 1613 1303 1647 TDLA:
1327 1614 1390 1655 des.
1410 1615 1442 1647 Ο
1702 1646 1706 1647 γ

358 1664 402 1698 19
431 1667 442 1688 1
471 1657 708 1697 digredientes
733 1681 741 1689 .
761 1681 768 1689 .
788 1681 795 1689 .
825 1658 983 1689 consules
1011 1658 1081 1698 (uel
1101 1659 1176 1699 cos)
1202 1657 1516 1700 MPFUpOTLA:
1547 1659 1659 1700 digre-

314 1701 465 1733 dientem
490 1725 497 1732 .
519 1725 526 1732 .
553 1725 560 1732 .
588 1703 647 1732 cos
675 1701 729 1733 D:
754 1701 1007 1742 digredientem
1037 1726 1044 1733 .
1070 1725 1078 1733 .
1104 1726 1112 1734 .
1141 1702 1312 1735 consulem
1339 1702 1446 1734 M³A²
1468 1703 1523 1735 uel
1541 1703 1594 1735 A³
1706 1727 1710 1732 .

313 1745 509 1777 acciendum
544 1744 575 1775 O
605 1745 653 1776 cd.
682 1745 780 1778 Rom.
814 1747 922 1786 1469:
956 1746 1192 1787 accipiendum
1218 1746 1508 1788 MPFUpTDLA
1535 1747 1611 1790 (sed
1630 1748 1659 1780 ci

314 1789 444 1821 notauit
461 1788 513 1820 M³
524 1800 537 1826 ,·
559 1800 605 1820 an
624 1789 656 1830 pi
675 1789 783 1821 uoluit
803 1794 916 1821 notare
927 1791 959 1830 ?)
1127 1796 1346 1831 sperneretur
1362 1791 1448 1823 ΜΡ2
1463 1791 1519 1823 uel
1530 1791 1662 1834 P⁸FUp
1688 1791 1689 1794 ’

252 1847 256 1851 ’
315 1833 383 1865 OT
380 1833 480 1864 DLA
495 1845 502 1865 ε
534 1839 715 1874 sperneret
742 1833 776 1864 P
801 1834 875 1867 dett.
909 1838 972 1866 tres
998 1834 1101 1869 Gron.
1150 1835 1235 1876 (Pro
1261 1840 1400 1877 passruo
1425 1835 1463 1876 ty:
1489 1846 1556 1878 mg.
1582 1847 1659 1869 cum
1686 1859 1687 1862 =

312 1877 359 1909 H.
370 1878 406 1917 J.
424 1877 580 1909 Muellero
593 1878 623 1909 6.
640 1888 691 1917 42.
705 1890 727 1919 9
743 1890 749 1910 :
779 1882 809 1910 et
819 1878 859 1910 de
872 1883 997 1920 sponte
1010 1890 1072 1911 sua
1086 1880 1124 1921 (fi
1138 1891 1168 1920 9.
1185 1891 1212 1919 7.
1229 1880 1264 1922 8)
1368 1891 1388 1912 2
1414 1891 1421 1918 ;
1439 1880 1602 1912 obtestari
1620 1879 1663 1912 M
1686 1899 1690 1902 ·

312 1922 403 1963 (cum
428 1922 659 1963 interpunct.):
685 1927 786 1964 atque
815 1924 978 1955 obtestari
996 1923 1062 1955 PF
1063 1924 1148 1966 Upo
1156 1924 1282 1955 TDLA
1302 1925 1424 1964 (tolum
1441 1929 1479 1957 ut
1488 1924 1660 1967 glossema

311 1966 475 1998 excludere
490 1966 570 1997 uelle
588 1966 725 1998 uidetur
742 1969 798 1999 m'r
805 1967 920 2000 doctus
936 1970 970 1999 in
983 1967 1035 2005 Α)
1171 1979 1282 2001 noxae
1298 1969 1387 2000 MA²
1398 1969 1471 2001 dett.
1485 1969 1600 2010 plum
1611 1968 1658 2001 ed.

312 2010 410 2043 Rom.
431 2012 643 2050 147o(recte;
666 2012 686 2043 i.
707 2023 733 2044 e.
756 2013 898 2049 damno)
917 2023 925 2044 ε
950 2013 1074 2045 noxiae
1094 2012 1243 2055 PFUpO
1252 2013 1391 2054 TDLA,
1405 2014 1461 2046 122.
1480 2012 1576 2055 (siin
1599 2012 1679 2045 hac'

311 2065 434 2086 uocum
451 2059 617 2087 structura
639 2055 803 2089 Latinum
822 2057 885 2098 est)
906 2056 1027 2097 culpae
1043 2068 1051 2096 3
1082 2059 1119 2098 cf.
1138 2059 1168 2090 8.
1193 2059 1242 2090 18.
1261 2069 1279 2098 4
1295 2069 1303 2097 ;
1328 2059 1362 2089 in
1378 2068 1432 2098 34.
1456 2067 1505 2098 19.
1522 2066 1543 2097 5
1558 2059 1589 2089 et
1601 2057 1654 2098 36.
1679 2096 1681 2098 q

312 2109 340 2138 7.
362 2109 381 2139 5
399 2100 578 2131 auctoritas
598 2100 711 2132 diuisa
729 2105 798 2139 est,·
822 2100 882 2133 sed
902 2100 941 2141 tf
964 2100 1047 2133 Sall.
1073 2101 1130 2134 Or.
1150 2101 1237 2134 Phil.
1255 2113 1275 2133 c.
1303 2101 1378 2143 Lep.
1399 2111 1505 2142 praua
1521 2100 1659 2142 incepta
1676 2130 1678 2132 ,

312 2144 557 2176 consultoribus
591 2155 699 2176 noxae
728 2155 804 2176 esse
819 2156 826 2184 ;
859 2144 952 2186 quod
976 2146 1192 2186 prouerbium
1222 2146 1273 2177 ln‘c
1302 2145 1425 2178 Liuius
1444 2145 1594 2186 sortasse
1622 2146 1659 2176 in

311 2191 418 2218 mente
434 2189 559 2221 habuit.
614 2188 682 2229 <De
700 2199 822 2220 uocum
841 2189 1021 2232 dtfferentr‘a
1039 2199 1072 2221 u.
1092 2189 1291 2221 Conwm'um
1307 2189 1356 2221 ad
1369 2199 1400 2222 2.
1413 2199 1466 2229 5⁴-
1485 2199 1525 2221 ιο
1542 2188 1579 2220 in
1595 2187 1647 2220 edi
1710 2222 1713 2228 ⁸

310 2232 395 2263 tione
422 2233 580 2273 Cantab.)
741 2243 760 2271 3
785 2243 887 2264 omne
910 2232 984 2264 dett.
1013 2236 1087 2271 tres,
1112 2231 1257 2265 Muret.:
1282 2233 1375 2265 omni
1400 2230 1677 2274 MPFUpov:
1710 2237 1713 2269 ξ

310 2276 419 2307 omnis
453 2276 594 2315 TDLA,
624 2277 684 2308 uix
699 2281 774 2308 recte
959 2286 979 2316 5
1004 2277 1201 2309 restitantes
1226 2276 1526 2319 PFUpOTDLA‚
1544 2280 1672 2308 ‘uetus
1709 2281 1712 2321 s

308 2319 414 2350 lectio’
443 2320 595 2351 Gelenius
610 2332 615 2351 :
644 2320 847 2352 resistantes
866 2319 928 2352 M:
953 2320 1153 2353 resistentes
1170 2320 1220 2351 Α8
1238 2321 1291 2352 uel
1304 2320 1355 2352 A*
1371 2320 1446 2353 dett.
1464 2321 1541 2362 aliq.
1670 2346 1675 2350 .
1709 2321 1711 2338 ³

310 2363 399 2395 inter
424 2375 551 2404 paucos
573 2362 921 2405 MPFUpOTDLA:
957 2369 1038 2396 ante
1066 2365 1181 2405 paucis
1212 2364 1308 2396 T2A⁶
1331 2365 1404 2397 dett.
1431 2364 1532 2407 aln'q.:
1568 2363 1661 2396 inter

310 2417 440 2448 paucos
460 2408 579 2449 paucis
594 2408 735 2447 Jmn'cke,
754 2408 815 2440 sed
826 2407 894 2439 uid.
915 2407 1223 2441 Drakenborrlu'um
1240 2409 1288 2440 ad
1300 2409 1356 2441 loc.
