1722 2748
470 136 540 172 AB
571 133 722 171 VRBE
753 131 1012 171 CONDITA
1261 125 1344 162 VII
1367 133 1412 171 41
1433 135 1450 166 3

79 249 249 287 secessio
269 253 382 285 esset.
443 243 581 284 Orauit
607 244 727 283 etiam
757 241 864 280 bona
895 240 1013 278 uenia
1042 235 1217 285 Quirites
1249 248 1299 274 ne
1324 233 1412 284 quis

79 325 166 351 eam
190 325 271 353 rem
307 311 394 349 ioco
424 309 578 349 serioue
605 307 789 358 cuiquam
825 305 1086 356 exprobraret.
1147 303 1228 340 Lex
1252 311 1413 350 quoque
1431 309 1453 342 4

79 385 230 416 sacrata
249 375 426 415 militaris
446 377 526 414 lata
545 381 605 413 est
625 386 676 412 ne
696 371 807 411 euius
838 369 969 409 militis
999 366 1130 419 scripti
1161 378 1309 406 nomen
1338 363 1413 402 nisi

79 441 166 493 ipso
200 442 362 481 uolente
395 442 618 489 deleretur3
646 437 909 487 additumque
935 434 1011 486 legi
1042 446 1093 473 ne
1128 431 1227 484 quis,
1250 429 1320 470 ubi
1354 428 1414 468 tri-

80 509 210 548 bunus
242 507 410 546 militum
442 506 590 554 fuisset,
626 512 765 556 postea
800 501 985 542 ordinum
1019 502 1162 540 ductor
1191 504 1307 537 esset.
1365 496 1415 535 Id
1434 503 1452 535 5

79 581 239 624 propter
258 575 301 612 P.
324 571 529 612 Salonium
548 571 793 623 postulatum
812 575 872 608 est
891 568 943 607 ab
963 565 1188 612 coniuratis,
1210 561 1279 614 qui
1305 563 1416 601 alter-

81 638 142 678 nis
161 651 285 690 prope
302 637 418 677 annis
439 644 477 676 et
497 636 678 676 tribunus
697 634 869 674 militum
889 640 927 672 et
948 631 1096 684 primus
1121 627 1300 670 centurio
1320 634 1413 673 erat,

81 717 201 755 quem
220 715 328 742 nunc
347 701 463 754 primi
483 700 552 753 pili
572 702 783 752 appellant.
833 698 943 738 Huic
964 695 1108 737 infensi
1127 694 1271 735 milites
1292 700 1413 740 erant,
1434 701 1455 734 6

82 770 191 820 quod
211 782 367 819 semper
385 769 618 808 aduersatus
648 765 763 806 nouis
794 763 968 804 consiliis
992 762 1130 802 fuisset
1159 768 1208 808 et,
1231 773 1283 799 ne
1301 757 1416 810 parti-

82 847 175 885 ceps
209 847 346 872 eorum
380 841 495 881 esset,
531 830 640 886 [qui]
672 832 724 871 ab
758 831 936 869 Lautulis
976 825 1214 880 fugisse[n]t.
1275 827 1416 875 Itaque
1437 836 1454 871 7

83 912 173 938 cum
195 900 272 938 hoc
291 912 417 937 unum
437 905 596 949 propter
617 895 821 936 Salonium
850 896 903 934 ab
932 901 1071 934 senatu
1093 905 1174 932 non
1194 890 1416 942 impetrare-

84 973 156 1011 tur,
188 971 273 1003 tum
307 963 490 1003 Salonius
524 963 747 1002 obtestatus
780 969 909 1012 patres
942 958 1185 1010 conscriptos
1216 970 1267 995 ne
1301 969 1414 995 suum

84 1031 276 1069 honorem
324 1027 445 1080 pluris
489 1041 609 1078 quam
649 1027 904 1066 concordiam
943 1024 1113 1064 ciuitatis
1151 1023 1416 1067 aestimarent,

85 1094 254 1147 perpulit
274 1102 316 1133 ut
339 1095 378 1133 id
399 1107 560 1144 quoque
580 1094 753 1131 ferretur.
795 1094 936 1141 Aeque
956 1090 1154 1142 impotens
1174 1088 1416 1139 postulatum
1437 1093 1456 1123 8

86 1159 158 1200 fuit
183 1168 226 1199 ut
255 1160 306 1199 de
335 1157 535 1210 stipendio
565 1156 1006 1208 equitum—merebant
1037 1162 1169 1194 autem
1201 1152 1338 1203 triplex
1373 1165 1419 1191 ea

87 1233 468 1277 tempestate-aera
493 1224 761 1270 demerentur,
794 1223 904 1273 quod
933 1219 1129 1260 aduersati
1157 1215 1419 1259 coniurationi

87 1290 262 1331 fuissent.
708 1328 721 1337 ‚

143 1359 299 1396 Praeter
320 1356 417 1395 haec
444 1354 606 1394 inuenio
629 1355 738 1406 apud
762 1353 957 1404 quosdam
982 1353 1025 1390 L.
1049 1349 1274 1391 Genucium
1302 1348 1419 1388 tribu·
1438 1351 1491 1389 42

90 1436 183 1461 num
206 1421 332 1473 plebis
353 1421 488 1460 tulisse
510 1421 562 1460 ad
583 1419 742 1471 plebem
763 1432 814 1458 ne
834 1420 1010 1458 fenerare
1031 1416 1164 1456 liceret
1182 1431 1192 1464 ;
1222 1415 1314 1454 item
1336 1414 1420 1453 aliis
1442 1433 1457 1453 2

89 1486 195 1539 plebi
211 1486 318 1526 scitis
333 1495 493 1526 cautum
507 1500 558 1525 ne
575 1485 663 1536 quis
679 1486 853 1524 eundem
874 1483 1143 1535 magistratum
1162 1482 1262 1520 intra
1281 1482 1420 1520 decem

90 1567 216 1593 annos
237 1560 392 1604 caperet
408 1565 486 1591 neu
506 1553 608 1592 duos
630 1552 878 1602 magistratus
897 1562 978 1588 uno
994 1561 1102 1587 anno
1115 1554 1265 1599 gereret
1284 1545 1422 1597 utique

91 1619 223 1659 liceret
253 1619 438 1659 consules
467 1618 609 1657 ambos
647 1616 825 1668 plebeios
863 1614 994 1655 creari.
1073 1615 1188 1664 Quae
1227 1612 1258 1652 si
1290 1611 1423 1652 omnia

91 1698 280 1734 concessa
299 1691 391 1723 sunt
411 1683 529 1735 plebi,
551 1690 714 1735 apparet
736 1683 843 1721 haud
865 1694 1005 1732 paruas
1032 1679 1135 1719 uires
1157 1677 1423 1719 defectionem

91 1750 287 1790 habuisse.
346 1749 445 1805 Aliis
473 1748 684 1788 annalibus
710 1748 911 1799 proditum
943 1754 1001 1786 est
1031 1758 1162 1796 neque
1190 1743 1424 1784 dictatorem
1445 1755 1463 1787 3

93 1815 291 1856 Valerium
314 1814 464 1854 dictum
485 1815 555 1854 sed
577 1827 645 1864 per
664 1814 847 1852 consules
867 1825 1028 1852 omnem
1050 1825 1131 1850 rem
1152 1817 1279 1850 actam
1296 1822 1426 1860 neque

138 1930 156 1958 4
181 1918 247 1959 legi
276 1918 328 1949 M¹
354 1917 408 1961 ue(
435 1916 725 1948 M2OHTDLA:
764 1917 850 1957 legis
882 1915 1037 1957 MPFUp
1072 1918 1105 1956 (s
1129 1914 1205 1947 add.
1232 1913 1280 1945 D²
1305 1914 1357 1945 uel
1378 1914 1426 1945 D³

91 1967 201 2004 sostea
217 1963 366 2001 erasum)
381 1972 388 1992 :
414 1961 529 2000 legi'st
545 1960 733 1992 dubitanter
744 1960 935 2000 Alschefski
1064 1969 1106 1990 nc
1120 1958 1194 1999 quis
1205 1958 1259 1989 ubi
1275 1957 1428 1999 MPFUp

97 2005 297 2037 OHTDLA
313 2006 347 2045 (i.
356 2016 381 2036 e.
394 2005 426 2036 in
439 2015 478 2035 ea
489 2005 627 2035 cohorte
640 2004 693 2035 uel
704 2004 840 2043 legione
852 2004 938 2044 ubi):
965 2014 1007 2034 ne
1019 2002 1094 2043 quis
1107 2002 1162 2042 qui
1175 2002 1269 2043 (olim
1282 2001 1395 2034 Madv.
1420 2027 1427 2042 ,

97 2049 143 2082 H.
157 2050 193 2088 J.
213 2049 370 2080 Mueller:
394 2059 436 2080 ne
453 2048 527 2088 quis
545 2049 660 2088 utique
677 2049 733 2088 qui
751 2047 912 2089 Zingerle,
924 2047 1060 2087 frustra
1209 2055 1229 2085 5
1252 2045 1350 2086 primi
1367 2046 1427 2086 pili

96 2093 200 2124 MPF
203 2093 328 2124 TDLA
360 2092 430 2123 cdd.
455 2092 584 2123 Gelem':
611 2092 708 2132 primi
726 2092 829 2132 pilum
853 2092 903 2132 Up
920 2091 992 2122 dett.
1018 2090 1093 2131 aliq.
1115 2089 1231 2130 etsort.
1253 2088 1284 2120 Ο
1306 2089 1340 2119 in
1364 2100 1429 2130 quo

98 2137 281 2178 m'lpraeter
292 2137 373 2168 -lum
387 2139 499 2167 manet
512 2147 519 2167 :
538 2136 645 2175 prims:
659 2136 767 2175 piliH
865 2136 887 2165 6
904 2135 1047 2175 fugisset
1060 2139 1140 2173 (om.
1157 2133 1228 2173 qui)
1246 2132 1426 2171 Rubenius,

98 2185 195 2213 recte:
218 2180 272 2221 qui
287 2204 294 2212 .
313 2204 319 2211 .
338 2203 346 2212 .
364 2179 528 2219 fugissent
547 2178 775 2221 MPFUp(sed
788 2189 852 2210 om.
873 2183 907 2210 et
931 2183 1006 2210 ante
1020 2188 1063 2208 ne
1085 2175 1324 2218 UpyHTDLA
1342 2187 1349 2207 ε
1372 2176 1428 2216 qui

97 2226 163 2264 (cet.
183 2223 330 2265 perditis
362 2223 416 2254 0:
440 2233 506 2255 om.
525 2227 629 2254 totam
646 2223 844 2254 sententiam
868 2222 940 2254 dett.
970 2232 1061 2252 unus
1085 2220 1194 2258 (Voss.
1214 2220 1272 2259 2):
1295 2229 1361 2251 om.
1387 2231 1429 2250 ne

96 2267 169 2299 dett.
187 2268 253 2299 duo
271 2266 364 2305 (Lov.
385 2277 404 2297 2
421 2270 450 2297 et
463 2266 603 2297 Hearm't
626 2267 732 2297 Oxon.
758 2266 803 2306 Β)
821 2277 829 2297 :
861 2266 944 2306 galia
971 2265 1030 2296 alii
1057 2266 1256 2295 coniecerunt
1266 2276 1280 2300 ,·
1302 2273 1343 2294 sc.
1371 2264 1428 2303 qui

99 2310 269 2352 adscripsit
283 2310 403 2350 aliquis
417 2310 552 2350 quinon
567 2310 721 2340 intellexit
733 2319 855 2348 uocem-
865 2320 981 2340 eorum
1002 2308 1151 2339 neutrius
1161 2307 1288 2348 generis
1303 2317 1369 2338 esse
1374 2329 1383 2347 s

142 2361 192 2396 42
219 2365 239 2384 2
262 2354 351 2393 plebi
382 2353 474 2384 scitis
499 2352 748 2394 PFUp0D³L=
779 2353 856 2393 pleb
881 2353 917 2393 (i.
932 2363 957 2385 c.
978 2352 1102 2393 plebis)
1121 2351 1216 2382 scitis
1237 2351 1295 2381 H:
1320 2350 1429 2390 plebis

99 2398 174 2430 citis
197 2397 279 2428 TD:
306 2396 491 2437 plebiscitis
507 2396 578 2427 ΜΛ
