1722 2748
438 112 510 159 AB
541 111 693 149 VRBE
724 110 986 149 CONDITA
1255 110 1315 148 VI
1335 118 1384 156 41
1406 125 1426 156 4

43 238 90 264 ac
109 236 208 275 pace
230 223 340 262 domi
363 222 604 272 militiaeque
629 221 764 260 omnia
790 219 882 272 geri,
900 220 989 271 quis
1016 228 1075 260 est
1102 222 1170 272 qui
1198 220 1382 272 ignoret?

46 292 173 329 Penes
202 302 302 339 quos
331 287 446 339 igitur
475 294 567 326 sunt
595 286 771 337 auspicia
801 299 910 326 more
940 285 1167 326 maiorum?
1223 287 1382 337 Nempe
1403 297 1420 329 5

44 368 167 407 penes
187 363 315 405 patres
332 369 343 402 3
373 367 463 392 nam
490 352 669 403 plebeius
694 351 858 403 quidem
887 352 1135 403 magistratus
1163 354 1294 392 nullus
1317 365 1384 391 au-

45 420 197 472 spicato
226 427 405 467 creatur3
434 419 549 458 nobis
578 419 681 457 adeo
712 417 868 468 propria
898 425 990 456 sunt
1018 417 1205 469 auspicia,
1227 425 1271 456 ut
1299 430 1383 456 non
1403 422 1423 455 6

45 488 174 525 solum
205 499 305 536 quos
333 485 503 536 populus
529 491 636 523 creat
666 483 850 534 patricios
883 483 1130 534 magistratus
1160 497 1243 523 non
1271 483 1384 523 aliter

47 565 166 603 quam
198 552 402 601 auspicato
431 557 536 589 creet
566 550 637 588 sed
669 563 742 588 nos
775 562 936 600 quoque
972 549 1046 600 ipsi
1080 549 1165 589 sine
1200 549 1383 600 suffragio

47 615 183 667 populi
202 615 407 667 auspicato
428 615 663 666 interregem
688 616 904 671 prodamus
933 623 971 654 et
998 614 1181 666 priuatim
1209 615 1384 667 auspicia

47 682 276 727 habeamus,
309 693 410 731 quae
444 680 507 719 isti
539 694 590 719 ne
624 679 664 718 in
702 679 993 730 magistratibus
1029 680 1192 732 quidem
1222 680 1383 720 habent.

48 747 158 798 Quid
174 746 290 798 igitur
304 746 412 786 aliud
427 760 547 797 quarn
565 745 666 785 tollit
682 759 729 785 ex
745 745 906 785 ciuitate
928 746 1104 798 auspicia
1118 747 1185 798 qui
1206 746 1384 798 plebeios
1407 765 1423 799 7

47 814 231 853 consules
244 813 416 852 creando
430 826 453 851 a
466 811 653 863 patribus,
664 811 733 862 qui
746 812 818 852 soli
833 825 880 851 ea
892 812 1037 852 habere
1050 821 1227 863 possunt,
1238 813 1388 852 aufert?

51 880 225 918 Eludant
245 892 351 917 nunc
372 878 463 918 licet
483 878 718 929 religiones:
754 877 904 928 “quid
933 877 1055 918 enim
1087 886 1166 926 est,
1199 878 1236 917 si
1266 877 1386 930 pulli
1408 885 1427 916 8

0 954 5 983 ,⁴
49 958 140 984 non
166 951 432 995 pascentur,
457 943 492 983 si
515 957 566 983 ex
586 956 732 982 cauea
759 942 939 982 tardius
962 943 1175 991 exierint,
1199 944 1236 983 si
1261 957 1389 984 occe-

50 1009 221 1050 cinerit
242 998 342 1048 aurs
357 1011 374 1048 ?
388 1010 406 1027 ''
459 1010 584 1048 Parua
606 1016 698 1047 sunt
718 1009 816 1047 haec
835 1023 845 1056 3
874 1010 944 1048 sed
966 1022 1087 1060 parua
1102 1009 1176 1049 ista
1196 1023 1278 1049 non
1297 1023 1390 1049 con-

0 1116 3 1119 ,
50 1077 268 1116 temnendo
284 1074 452 1114 maiores
470 1074 589 1114 uestri
608 1073 820 1113 maximam
842 1075 945 1125 hanc
962 1088 1043 1114 rem
1061 1076 1237 1115 fecerunt
1246 1090 1257 1125 3
1281 1089 1389 1115 nunc
1409 1088 1428 1122 9

0 1170 6 1193 :⁷
51 1155 135 1190 nOS,
159 1149 361 1192 tamquam
383 1140 460 1180 iam
485 1139 583 1180 nihil
605 1153 702 1191 pace
723 1141 888 1179 deorum
910 1153 1010 1191 opus
1031 1140 1091 1190 sit,
1114 1154 1253 1181 omnes
1274 1141 1390 1180 caeri-

0 1240 3 1248 .
53 1206 206 1246 monias
221 1206 447 1258 polluimus.
490 1207 621 1256 Volgo
638 1219 731 1256 ergo
747 1205 970 1257 pontifices,
985 1220 1163 1257 augures,
1182 1206 1389 1246 sacrificuli

52 1286 162 1324 reges
190 1281 372 1312 creentur
388 1286 400 1320 3
438 1270 601 1310 cuilibet
631 1271 784 1321 apicem
818 1270 987 1319 Dialem,
1013 1273 1236 1312 dummodo
1266 1273 1390 1312 homo

0 1338 3 1340 ’
53 1338 113 1387 sit,
136 1338 389 1389 imponamus
405 1352 415 1386 3
446 1338 648 1377 tradamus
669 1336 827 1386 ancilia,
847 1337 1074 1388 penetralia,
1092 1339 1190 1377 deos
1210 1339 1390 1378 deorum-

0 1398 22 1449 J'J
53 1416 131 1455 que
157 1417 303 1451 curam,
326 1402 471 1454 quibus
499 1403 609 1442 nefas
635 1410 693 1441 est
710 1417 722 1450 3
753 1415 834 1442 non
855 1404 960 1454 leges
981 1402 1185 1454 auspicato
1206 1405 1388 1453 ferantur,
1415 1418 1455 1440 10

0 1477 6 1493 ’ν
54 1482 134 1509 non
149 1468 397 1520 magistratus
411 1475 593 1508 creentur
602 1481 613 1516 3
634 1480 709 1506 nec
724 1467 950 1507 centuriatis
964 1481 1039 1508 nec
1053 1468 1210 1508 curiatis
1223 1468 1393 1509 comitiis

54 1543 183 1586 patres
198 1542 379 1574 auctores
401 1535 496 1573 fiant
513 1548 524 1582 3
553 1532 707 1573 Sextius
723 1540 762 1573 et
782 1532 959 1573 Licinius
975 1541 1179 1585 tamquam
1196 1536 1394 1575 Romulus

53 1613 100 1639 ac
129 1599 269 1639 Tatius
298 1599 338 1638 in
368 1599 465 1639 urbe
495 1601 680 1639 Romana
713 1598 888 1650 regnent,
911 1599 1004 1651 quia
1024 1599 1213 1651 pecunias
1233 1599 1392 1648 alienas,

55 1665 147 1717 quia
165 1678 279 1715 agros
300 1666 410 1704 dono
430 1666 538 1721 dant.
582 1666 714 1705 Tanta
732 1666 907 1705 dulcedo
922 1672 982 1706 est
1003 1679 1050 1705 ex
1070 1665 1208 1705 alienis
1229 1666 1394 1705 fortunis
1418 1680 1452 1702 11

56 1729 283 1783 praedandi,
302 1743 376 1769 nec
397 1730 436 1769 in
454 1738 630 1771 mentem
646 1733 757 1771 uenit
773 1733 895 1771 altera
913 1732 999 1782 lege
1015 1731 1248 1771 solitudines
1264 1739 1395 1771 uastas

56 1835 287 1875 transponitur
306 1839 343 1866 ut
361 1835 396 1866 in
415 1835 548 1867 obscuro
572 1836 719 1868 relictum
740 1838 784 1868 sit
802 1837 935 1878 qualem
959 1838 994 1869 in
1016 1837 1165 1869 clausula
1185 1848 1248 1869 sua
1261 1838 1396 1879 propria

0 1878 27 1922 Ιξέ
55 1882 258 1911 structuram
270 1879 439 1917 habueri;t
463 1879 500 1919 cf.
513 1890 537 1912 e.
547 1891 581 1921 g.
598 1881 693 1912 cuius
708 1885 759 1912 est
770 1882 1047 1922 beneuolentiae,
1062 1892 1149 1922 quae
1163 1887 1218 1913 tua
1230 1888 1282 1913 est
1292 1882 1396 1913 bene-

58 1923 208 1954 uolentia
372 1925 395 1954 6
418 1924 574 1963 priuatim
601 1923 997 1966 MPFUpBOHTDLA
1024 1926 1076 1965 (cf.
1092 1936 1123 1966 4.
1141 1936 1171 1956 2.
1187 1927 1247 1964 53:
1275 1925 1396 1967 priuati

8 1964 14 1989 ἱ
59 1966 195 2007 Crevier,
219 1976 253 1997 eo
275 1967 391 1998 animo
415 1971 452 1998 ut
473 1968 592 2005 uterum
619 1968 693 1999 aliis
715 1968 819 1999 uerbis
843 1969 882 2000 de
901 1970 1059 2010 mterrege
1076 1968 1244 2010 prodendo
1263 1969 1398 2010 Appms

9 2012 24 2034 Ὺ
57 2010 239 2051 quuatur,·
273 2021 339 2041 non
367 2011 453 2042 male
477 2011 535 2042 sed
555 2011 650 2043 haud
675 2013 853 2043 necessario
1023 2014 1044 2044 8
1070 2018 1146 2045 est.
1193 2018 1399 2054 .pascentur

14 2066 26 2091 5v
57 2053 161 2084 MPF
160 2053 320 2095 UpBOH
323 2053 473 2085 TDLA.
505 2065 580 2086 esse
599 2079 606 2087 .
624 2079 632 2087 .
652 2081 659 2087 .
678 2061 861 2096 pascantur
876 2056 1000 2092 Madv.
1169 2058 1197 2089 si
1224 2057 1398 2089 occecine-

13 2103 21 2142 ξ
59 2098 101 2129 rit
119 2097 211 2129 PFB
219 2097 249 2130 T
246 2097 275 2128 L
288 2097 360 2137 (sed
369 2098 403 2129 in
414 2097 448 2129 P
456 2098 608 2138 primum
622 2099 709 2131 illud
721 2110 740 2130 e
756 2110 795 2130 ex
806 2099 814 2130 i
827 2104 1002 2131 correctum
1015 2104 1070 2141 est,
1081 2101 1231 2142 sortasse
1241 2102 1274 2132 in
1286 2104 1399 2132 nostra

17 2166 29 2183 .=
57 2143 196 2182 aetate):
219 2143 247 2172 si
263 2141 426 2173 occinerit
446 2141 518 2182 Up.
542 2142 570 2173 si
586 2143 814 2174 occecinerint
833 2143 891 2174 H:
916 2144 943 2175 si
960 2144 1023 2176 hoc
1042 2145 1202 2177 cecinerit
1218 2144 1312 2175 DA.
1336 2145 1399 2176 hoc

16 2186 29 2227 ’,ζ
58 2185 221 2217 cecinerit
253 2184 306 2217 0:
337 2195 403 2216 om.
440 2185 482 2217 M
509 2197 565 2226 qut
592 2185 640 2217 nil
661 2186 730 2218 πίει
750 2187 873 2218 exierit
900 2187 974 2219 auis
999 2189 1151 2229 scr-ipsiu
1187 2190 1218 2226 (e
1240 2190 1400 2220 contrario

17 2235 38 2267 ε
59 2229 210 2260 occinuit
226 2239 276 2261 10.
290 2240 343 2269 40.
364 2238 426 2267 14,·
451 2230 488 2271 qs.
507 2229 669 2263 Priscian.
690 2240 738 2262 10.
758 2241 788 2271 7.
804 2231 863 2272 38)
967 2233 1084 2264 uestri
1102 2231 1405 2274 MPFUpBOHT

20 2270 172 2308 *DLA
193 2275 292 2310 νεώς,-
315 2272 355 2312 cf.
370 2283 447 2304 cum
462 2272 670 2313 Alschefskto
685 2283 716 2313 5.
739 2283 791 2314 54.
811 2284 852 2314 7:
878 2275 985 2306 nostri
1000 2274 1088 2308 Edd
1111 2279 1171 2307 uet.
1267 2287 1307 2308 10
1323 2287 1400 2309 cen-

18 2308 37 2349 is
60 2316 191 2348 turiatis
207 2315 321 2347 ΜΘΗ
325 2315 478 2347 TDLA
502 2322 541 2348 cu
559 2318 757 2349 centuriatis
777 2317 976 2358 PFUpBT‘2
1083 2330 1146 2351 nec
1170 2320 1309 2353 curiatis
1330 2319 1404 2351 MP

20 2354 38 2396 ,ff
65 2359 339 2400 UpBOTDLA:
364 2370 426 2391 nec
444 2360 640 2392 centuriatis
656 2360 703 2392 F:
728 2371 791 2392 om.
812 2360 850 2391 H

1272 2419 1312 2450 5*
