1722 2748
628 133 950 171 PRAEFATIO

120 242 302 283 habitum
332 251 444 295 grato
470 243 607 284 animo
636 242 784 295 excepi,
811 257 943 294 neque
977 252 1020 283 ut
1048 256 1163 295 spero
1194 243 1279 283 sine
1310 244 1457 283 emolu-

122 315 257 348 mento
277 306 328 360 (e.
341 322 378 360 g.
402 310 438 348 6.
461 322 492 348 1.
518 322 537 347 2
560 309 653 348 adn.
682 309 734 348 ad
754 321 899 348 uocem
928 306 1074 360 rarae).

173 372 214 412 Si
238 373 307 424 qui
331 375 382 413 de
407 373 525 413 nobis
554 374 642 425 quis
667 373 717 413 sit
738 374 881 413 horum
907 373 1082 425 optimus
1110 375 1236 413 codex
1261 374 1455 426 requirere

119 438 252 486 uelint,
275 438 633 490 circumspiciendo
656 438 764 490 ipsos
783 440 835 479 de
855 440 930 478 hac
950 453 991 479 re
1013 439 1186 479 iudicare
1202 440 1427 480 iusserimus
1446 457 1454 480 :

120 517 192 543 nos
212 503 398 542 trutinam
418 505 657 556 praebemus
676 518 858 556 aequam.

171 570 190 620 ξ
212 582 272 620 37.
306 569 499 609 Codicem
522 569 753 610 Mediceum
782 568 839 622 (ἕξ
861 570 1175 624 9—11)-tantae
1198 579 1257 611 est
1276 571 1454 612 aestima-

118 634 412 675 tionis-manu
445 644 690 676 contrectare
720 637 784 675 uix
816 638 948 677 audeo
965 651 976 686 ;
1015 636 1169 677 ueritati
1200 645 1332 677 tamen
1361 652 1451 677 cum

117 700 310 740 debeatur
323 703 413 752 plus
426 702 683 752 reuerentiae,
697 703 795 742 haec
808 704 1062 751 admoneam,
1076 716 1129 742 ne
1145 702 1270 742 maior
1285 703 1337 742 illi
1354 704 1452 743 fides

117 778 236 816 quam
257 765 298 805 in
318 767 393 805 hac
412 774 524 818 parte
545 767 706 807 meritus
727 767 775 807 sit
796 767 999 808 habeatur.
1051 766 1227 807 Primum
1249 769 1453 807 recordan-

116 831 212 869 dum
233 839 292 871 est
311 830 376 883 (cf.
395 831 414 881 §
434 831 476 883 9)
497 832 633 872 onmia
651 833 703 872 ab
723 833 790 873 lib.
813 845 848 885 5.
875 844 908 884 7.
934 844 954 884 7
971 846 1100 885 usque
1118 834 1171 873 ad
1196 834 1231 872 8.
1252 847 1310 882 14.
1330 847 1345 873 1
1362 833 1373 855 ¹
1400 834 1452 873 ab

117 910 166 935 eo
184 896 314 936 scriba
333 909 456 947 quem
467 898 650 938 Tertium
670 899 831 939 uocauit
845 901 1024 950 Conway
1044 898 1243 950 descripta
1263 912 1348 938 esse
1366 913 1377 948 3
1405 912 1452 938 ex

115 960 183 1001 illo
199 963 303 1012 loco,
322 962 452 1014 primo
471 965 671 1015 paulatim,
694 972 832 1016 postea
859 965 954 1005 satis
977 966 1203 1016 frequenter
1227 963 1452 1004 inuenimus

116 1029 263 1067 menda
280 1028 461 1068 omnium
481 1043 684 1081 generum,
705 1029 932 1070 inconsulto
962 1038 1067 1071 certe
1097 1032 1200 1070 facta
1217 1031 1290 1070 sed
1310 1030 1451 1070 nihilo-

114 1092 245 1132 minus
274 1093 328 1133 ob
358 1093 549 1134 incuriam
586 1095 958 1148 neglegentiamque
992 1095 1263 1148 uituperanda,
1301 1102 1344 1135 ut
1372 1095 1451 1136 cito

115 1158 328 1198 lectoribus
366 1159 571 1211 apparebit
605 1175 849 1214 quamquam
887 1163 1024 1201 omnia
1057 1162 1178 1201 citare
1211 1162 1277 1201 uix
1307 1175 1452 1214 operae

115 1223 284 1274 pretium
314 1238 400 1264 esse
428 1226 545 1266 nobis
574 1226 810 1278 uidebatur3
842 1228 1088 1268 minoris.est
1115 1226 1315 1279 nequitiae
1341 1229 1452 1279 quod

114 1287 179 1327 hic
199 1289 328 1329 scriba
355 1303 402 1330 ex
433 1290 642 1333 inscientia
666 1292 825 1345 linguae
852 1294 1017 1333 Latinae
1043 1292 1076 1332 si
1102 1307 1182 1344 qua
1210 1292 1251 1332 in
1277 1293 1452 1344 margine

114 1353 258 1406 scripta
277 1354 482 1396 inuenerat
510 1357 648 1397 omnia
669 1357 773 1399 inter
798 1367 1027 1399 contextum
1055 1359 1253 1398 inserebat
1270 1372 1282 1407 3
1309 1359 1450 1399 horum

114 1433 241 1470 pauca
259 1421 471 1461 lectionem
501 1425 664 1463 alteram
684 1425 892 1473 dederunt,
913 1438 946 1466 e.
961 1439 997 1476 g.
1017 1427 1192 1464 credebat
1203 1425 1323 1465 Alibi
1332 1439 1452 1464 cerne·

112 1486 181 1523 bat
208 1485 263 1537 (6.
294 1501 352 1538 13.
384 1488 436 1539 3),
467 1489 637 1540 plurima
663 1491 717 1530 de
744 1491 864 1530 rebus
891 1504 916 1530 a
945 1490 1063 1530 Liuio
1091 1491 1319 1530 memoratis
1347 1504 1452 1530 sum-

114 1552 251 1590 matim
271 1553 498 1603 loquuntur.

166 1618 184 1667 ξ
206 1619 270 1668 38.
302 1619 548 1659 Huiusmodi
577 1620 673 1670 uitii,
697 1621 859 1660 innocui
888 1629 1004 1669 certe,
1027 1620 1059 1660 si
1082 1633 1164 1660 non
1190 1628 1230 1660 et
1254 1622 1448 1671 amabilis,

114 1683 250 1722 omnia
290 1685 497 1735 exempla²
536 1685 602 1725 hic
643 1685 797 1738 collegi,
830 1686 978 1726 ueritus
1016 1694 1151 1726 tamen
1189 1699 1240 1726 ne
1279 1686 1452 1727 beneuo-

114 1748 259 1788 lentiae
286 1757 375 1789 tuae
395 1749 474 1789 iarn
494 1750 564 1790 diu
584 1751 789 1791 adhibitae
809 1760 860 1798 te,
881 1753 1006 1792 lector
1032 1753 1297 1803 magnanime,
1319 1752 1451 1803 paeni-

112 1819 202 1862 teat,
221 1812 254 1853 si
275 1827 356 1853 non
376 1814 494 1854 etiam
517 1825 674 1856 nostrae
694 1817 968 1867 amplitudinis
988 1819 1169 1857 taedeat:

155 1916 194 1948 In
214 1928 243 1958 7.
254 1929 286 1958 3.
302 1928 322 1959 5
341 1924 419 1959 post
429 1924 563 1962 pangat
573 1930 581 1951 ι
603 1926 666 1962 per
677 1932 777 1962 quem
795 1933 883 1963 mag.
903 1926 932 1953 et
950 1933 1053 1963 quam
1073 1922 1112 1954 ob
1131 1933 1269 1954 causam
1286 1922 1399 1955 clabus
1414 1923 1450 1954 in

110 1971 256 2011 capitolio
273 1971 326 2003 uel
340 1983 401 2003 cur
406 1973 530 2014 parieti
544 1973 604 2014 qui
620 1974 793 2005 minnerue
808 1974 967 2016 templum
973 1975 1137 2016 figeretur
1150 1975 1204 2016 (cfi
1221 1985 1250 2014 7.
1272 1986 1322 2008 11.
1338 1975 1389 2017 3).

78 2063 81 2066 .
155 2034 185 2063 7.
213 2033 263 2064 15.
289 2034 309 2054 2
332 2030 409 2065 post
422 2025 566 2065 seroces:
595 2026 767 2068 r'ncrepatt'o
790 2027 934 2059 dictator)
952 2027 1087 2059 tullium
1111 2028 1314 2060 nominatim
1336 2033 1450 2061 etentes

109 2086 186 2107 cum
203 2075 239 2106 in
255 2075 366 2107 dextro
381 2086 481 2108 cornu
496 2077 680 2110 aduersum
699 2078 811 2110 Gallos
825 2079 983 2122 ambigue
991 2084 1210 2121 pugnaretur.

154 2129 196 2160 Et
219 2128 255 2159 in
275 2131 290 2167 ξ
308 2130 328 2159 8
350 2134 428 2170 post
453 2130 601 2162 sacrauit
622 2131 707 2162 haec
723 2141 732 2162 ε
757 2131 899 2173 insngm's
915 2135 946 2163 et
963 2132 1137 2172 opulentus
1151 2132 1295 2175 Sulpicii
1313 2132 1398 2166 dicat
1411 2134 1450 2166 de

153 2237 165 2258 ¹
190 2238 240 2270 De
257 2250 397 2271 summa
414 2264 422 2273 .
440 2264 448 2273 .
468 2266 475 2273 .
490 2247 563 2283 pro,
593 2247 630 2274 ut
652 2242 810 2282 paginam
837 2242 1072 2283 quaternionis
1097 2243 1156 2274 xxi
1185 2243 1338 2277 ultimam
1358 2256 1446 2277 eom-

109 2290 210 2330 pleat‚
231 2290 333 2331 largis
350 2292 539 2324 interuallis
556 2294 712 2325 extendit
728 2293 828 2325 huius
844 2295 920 2327 cod.
938 2294 1077 2327 Tertius
1091 2295 1213 2328 scriba.

153 2341 165 2361 ²
189 2342 381 2383 Aliquando
398 2345 512 2386 uerba,
530 2345 586 2376 ubi
604 2345 679 2387 ipse
697 2356 765 2377 non
784 2347 886 2387 plene
903 2347 1162 2388 descripseram,
1174 2359 1217 2380 ex
1228 2349 1446 2383 Alschefskio

109 2405 240 2435 excepi.

752 2454 803 2493 vii
