1722 2748
232 144 286 181 VI
312 153 366 180 20
389 160 421 180 11
839 144 959 180 TITI
992 143 1110 180 LIVI

313 254 492 306 prodicta
505 253 570 293 die
591 253 629 302 in
646 252 868 292 Petelinum
883 254 1017 290 lucum
1039 259 1146 291 extra
1162 259 1316 303 portam
1335 252 1650 300 Flumentanam,

313 321 420 360 unde
441 327 679 370 conspectus
702 320 741 357 in
763 317 1007 369 Capitolium
1034 331 1119 357 non
1144 324 1259 365 esset,
1283 315 1498 356 concilium
1514 316 1652 368 populi

312 386 508 425 indictum
537 392 605 424 est.
667 383 730 423 Ibi
754 385 905 423 crimen
929 382 1054 423 ualuit
1080 391 1120 423 et
1146 382 1357 423 obstinatis
1381 382 1527 422 animis
1544 381 1655 423 triste

257 466 292 487 12
314 451 506 490 iudicium
527 449 782 500 inuisumque
802 448 923 488 etiam
941 448 1141 488 iudicibus
1156 449 1318 487 factum.
1376 449 1478 488 Sunt
1495 446 1567 499 qui
1585 461 1656 501 per

313 515 558 564 duumuiros,
577 515 646 567 qui
666 516 718 554 de
737 513 1012 566 perduellione
1025 513 1282 566 anquirerent
1294 521 1459 563 creatos,
1472 521 1654 553 auctores

314 581 392 621 sint
412 584 658 622 damnatum.
705 579 877 620 Tribuni
895 581 947 620 de
967 593 1063 619 saxo
1081 581 1255 631 Tarpeio
1277 579 1510 619 deiecerunt
1528 580 1656 619 locus-

314 662 394 699 que
413 647 521 687 idem
541 647 580 685 in
603 660 684 685 uno
703 645 869 685 homine
883 652 923 685 et
942 644 1109 685 eximiae
1128 644 1277 697 gloriae
1295 651 1604 684 monumentum
1615 651 1656 684 et

256 723 294 754 ¹3
314 715 473 765 poenae
488 712 651 751 ultimae
670 711 753 750 fuit.
813 711 1007 751 Adiectae
1028 719 1185 750 mortuo
1206 705 1465 751 notae'sunt:
1495 708 1656 762 publica

314 793 403 828 una,
427 779 549 830 quod,
575 791 666 816 cum
696 779 842 816 domus
871 777 956 816 eius
984 776 1123 816 fuisset
1151 775 1221 816 ubi
1251 790 1360 816 nunc
1382 777 1502 816 aedes
1533 782 1655 828 atque

314 845 474 885 officina
492 846 686 884 Monetae
704 852 774 891 est,
792 845 917 882 latum
931 844 983 883 ad
1004 845 1197 895 populum
1211 850 1271 882 est
1289 856 1342 882 ne
1360 841 1449 894 quis
1468 841 1655 894 patricius

257 927 295 955 14
314 913 355 951 in
373 924 465 951 arce
481 917 550 950 aut
564 909 764 961 Capitolio
777 908 972 948 habitaret
989 922 997 954 ;
1024 907 1224 960 gentilicia
1243 909 1376 956 altera,
1398 908 1510 959 quod
1529 906 1655 960 gentis

316 977 493 1017 Manliae
524 977 686 1016 decreto
719 982 882 1034 cautum
915 982 975 1015 est
1009 988 1061 1013 ne
1095 973 1183 1025 quis
1214 974 1364 1014 deinde
1392 974 1451 1013 M.
1477 971 1655 1012 Manlius

313 1050 530 1083 uocaretur.
595 1044 718 1081 Hunc
737 1043 886 1081 exitum
913 1040 1054 1080 habuit
1076 1040 1146 1089 uir,
1170 1039 1245 1079 nisi
1275 1041 1315 1079 in
1344 1039 1468 1079 libera
1496 1037 1656 1079 ciuitate

258 1121 293 1152 15
314 1118 428 1149 natus
457 1117 570 1156 esset,
596 1106 874 1147 memorabilis.
936 1108 1136 1157 Populum
1164 1105 1287 1153 breui,
1316 1112 1528 1157 postquam
1558 1103 1655 1157 peri-

315 1177 447 1214 culum
469 1175 520 1213 ab
542 1187 590 1214 eo
611 1175 762 1212 nullum
786 1181 878 1220 erat,
902 1186 971 1224 per
991 1185 1034 1212 se
1054 1173 1159 1223 ipsas
1186 1172 1461 1211 recordantem
1488 1170 1654 1210 uirtutes

278 1243 288 1251 ⁴
315 1241 554 1281 desiderium
570 1239 652 1278 eius
667 1238 804 1278 tenuit.
838 1229 1067 1277 Pestilentia
1083 1239 1202 1277 etiam
1216 1237 1327 1277 breui
1341 1245 1557 1276 consecuta
1570 1238 1654 1276 nul-

315 1309 360 1346 lis
388 1305 684 1346 occurrentibus
706 1312 839 1344 tantae
867 1303 989 1343 cladis
1011 1303 1140 1342 causis
1162 1315 1209 1342 ex
1230 1303 1438 1342 Manliano
1458 1301 1654 1354 supplicio

258 1381 297 1413 16
317 1385 481 1423 magnae
502 1372 599 1422 parti
618 1370 742 1410 uideri
756 1377 864 1409 orta:
888 1369 1079 1408 uiolatum
1098 1369 1338 1419 Capitolium
1361 1374 1447 1408 es'se
1463 1366 1654 1419 sanguine

315 1437 522 1477 seruatoris
549 1451 623 1476 nec
647 1436 707 1476 dis
736 1435 845 1474 cordi
871 1435 989 1474 fuisse
1017 1448 1188 1485 poenam
1217 1435 1300 1474 eius
1327 1434 1501 1474 oblatam
1530 1447 1653 1486 prope

247 1510 255 1514 “
315 1505 438 1543 oculis
452 1503 543 1551 suis,
558 1517 581 1542 a
597 1516 677 1553 quo
691 1516 761 1542 sua
774 1502 923 1552 templa
939 1509 1073 1553 erepta
1087 1515 1108 1541 e
1123 1500 1306 1540 manibus
1320 1500 1494 1540 hostium
1509 1508 1651 1540 essent.

251 1579 295 1606 21
371 1567 638 1608 Pestilentiam
669 1566 803 1618 inopia
830 1568 984 1618 frugum
1020 1575 1058 1606 et
1091 1568 1290 1618 uolgatam
1325 1567 1531 1618 utriusque
1560 1565 1652 1606 mali
1690 1555 1701 1587 {-

316 1636 463 1672 famam
482 1647 588 1672 anno
609 1633 843 1684 insequente
859 1633 1069 1684 multiplex
1082 1634 1233 1674 bellum
1250 1633 1415 1685 excepit,
1435 1635 1478 1673 L.
1492 1633 1653 1673 Valerio
1697 1682 1700 1683 ⁷

317 1707 500 1750 quartum
529 1700 577 1738 A.
610 1698 765 1738 Manlio
793 1698 952 1738 tertium
990 1700 1069 1739 Ser.
1102 1700 1278 1751 Sulpicio
1307 1699 1467 1740 tertium
1502 1701 1545 1739 L.
1580 1700 1654 1739 Lu·
1696 1708 1700 1738 J

317 1764 440 1803 cretio
472 1765 516 1803 L.
547 1763 720 1803 Aemilio
753 1764 910 1804 tertium
947 1766 1006 1805 M.
1041 1765 1246 1806 Trebonio
1280 1764 1448 1806 tribunis
1482 1764 1652 1805 militum
1688 1769 1699 1819 ss

284 1844 299 1866 2
319 1829 513 1868 consulari
547 1837 751 1879 potestate.
823 1832 972 1870 Hostes
1007 1831 1102 1871 noui
1136 1841 1291 1884 praeter
1322 1833 1504 1880 Volscos,
1544 1828 1653 1872 uelut

320 1903 422 1934 sorte
443 1896 613 1945 quadam
635 1909 757 1947 prope
777 1895 819 1934 in
838 1904 1042 1936 aeternum
1072 1899 1294 1938 exercendo
1323 1900 1510 1938 Romano
1539 1896 1653 1936 militi

320 1961 444 2007 datos,
477 1960 730 2012 Circeiosque
759 1969 798 2002 et
826 1962 994 2002 Velitras
1026 1965 1213 2013 colonias,
1235 1963 1314 2004 iam
1344 1963 1413 2004 diu
1445 1961 1652 2003 molientes
1687 1959 1698 2010 sj}

367 2075 402 2095 11
429 2064 684 2098 Flumentanam
706 2066 842 2100 Vorm.?
855 2067 976 2100 MPF?
992 2067 1122 2109 UpBE⁸
1140 2069 1193 2110 (ex
1209 2080 1289 2100 -nan
1308 2068 1353 2108 E)
1370 2079 1378 2100 τ
1402 2068 1650 2100 frumentariam

323 2107 524 2139 OHTDLA
685 2113 725 2143 16
749 2116 867 2152 erepta
883 2123 902 2143 e
922 2111 1043 2143 OEH:
1074 2118 1211 2154 ereptae
1230 2111 1282 2144 Μ2
1298 2112 1353 2144 uel
1365 2111 1503 2145 MT¹L:
1533 2117 1652 2153 erepte
1682 2112 1697 2151 <f

326 2151 407 2182 TD?
418 2151 451 2182 A
467 2163 474 2183 :
501 2159 618 2194 erepta
636 2155 677 2186 M
690 2155 744 2187 uel
758 2155 1058 2198 M²PFUpBD³A²
1086 2157 1255 2198 (usitatior
1268 2161 1357 2199 prep.
1378 2167 1396 2188 e
1412 2167 1490 2189 cum
1507 2156 1651 2191 liberare

320 2195 451 2226 uidetur
464 2200 541 2233 esse)

365 2246 404 2269 21
432 2250 444 2269 1
472 2240 584 2281 inopia
613 2243 885 2283 PFUpBOED:
914 2244 1062 2284 inopiam
1090 2243 1319 2276 ME³HTLA
1489 2254 1579 2275 anno
1603 2244 1650 2276 in·
1683 2235 1695 2282 ἐξ

319 2289 485 2323 sequente
509 2285 901 2318 MPFBOEHTDLA:
926 2288 1129 2328 insequente
1153 2298 1243 2319 anno
1272 2287 1323 2329 Up
1347 2287 1401 2330 (esi
1426 2298 1450 2321 c.
1468 2298 1522 2320 22.
1548 2298 1591 2328 43
1619 2299 1649 2329 4.
1686 2293 1695 2326 ⁴}

323 2337 371 2376 13.
402 2337 413 2357 1
430 2339 437 2367 3
462 2338 492 2367 5.
510 2338 561 2368 45.
580 2331 612 2362 8.
636 2330 676 2361 In
693 2331 798 2361 ceteris
817 2330 892 2362 locis
904 2331 1063 2364 omnibus
1082 2333 1185 2364 huius
1201 2331 1351 2371 Decadis‚
1370 2330 1486 2372 quoad
1500 2331 1651 2363 obserua-
1675 2326 1694 2364 :⁴³2⁴

319 2381 444 2412 ulmus,
465 2372 652 2404 ablatiuum
675 2374 778 2405 huius
792 2375 955 2416 participii
972 2375 1005 2406 in
1022 2375 1063 2407 -ti
1081 2376 1203 2407 habent
1216 2374 1285 2408 cdd.
1310 2375 1437 2414 nostrr‘5
1459 2375 1527 2408 uia
1546 2385 1577 2415 3.
1600 2385 1650 2407 10.
1672 2399 1692 2414 χ

318 2423 360 2453 5;
388 2427 419 2465 4:
439 2427 488 2456 23.
512 2427 548 2455 1;
577 2419 607 2449 6.
631 2427 739 2457 11.1;
769 2419 800 2450 6.
820 2428 928 2456 22.1;
957 2429 984 2459 7.
1004 2430 1035 2451 2.
1057 2429 1096 2460 1;
1125 2430 1154 2459 7.
1174 2430 1205 2459 9.
1227 2429 1265 2458 1;
1295 2430 1323 2459 7.
1348 2430 1397 2452 12.
1420 2429 1456 2457 1;
1481 2420 1512 2451 8.
1539 2428 1589 2458 13.
1611 2428 1694 2455 ις·

318 2458 355 2497 cs.
373 2464 472 2490 ettam
490 2461 541 2492 26.
567 2472 613 2500 17.
630 2471 671 2500 93
692 2471 743 2500 27.
759 2472 788 2493 2.
812 2471 872 2500 10;
895 2473 948 2502 27.
968 2473 996 2503 7.
1015 2464 1050 2503 5)
1155 2463 1230 2495 Ser.
1251 2463 1404 2503 Sulpicio
1423 2488 1429 2495 .
1447 2486 1455 2494 .
1477 2487 1484 2495 .
1503 2461 1652 2494 Aemilio
1666 2467 1691 2488 5¹

318 2503 451 2534 tertium
478 2514 544 2535 om.
574 2503 675 2534 ODA
831 2506 989 2538 Lucretio
1015 2506 1082 2548 (uel
1103 2507 1184 2548 -cio)
1210 2505 1688 2548 MPFUpBEHTDssLA2:=

318 2547 453 2578 tertium
472 2547 600 2579 addidit
617 2548 719 2588 (inter
731 2548 816 2587 alia)
835 2549 1019 2581 Glareanus
