<?xml version="1.0" encoding="UTF-8"?>
<!DOCTYPE html PUBLIC "-//W3C//DTD XHTML 1.0 Transitional//EN"
    "http://www.w3.org/TR/xhtml1/DTD/xhtml1-transitional.dtd">
<html xmlns="http://www.w3.org/1999/xhtml" xml:lang="en" lang="en">
 <head>
  <title>
</title>
<meta http-equiv="Content-Type" content="text/html;charset=utf-8" />
  <meta name='ocr-system' content='tesseract 3.04.00' />
  <meta name='ocr-capabilities' content='ocr_page ocr_carea ocr_par ocr_line ocrx_word'/>
</head>
<body>
  <div class='ocr_page' id='page_1' title='image "./aburbeconditarec02livyuoft_0074.png"; bbox 0 0 1722 2748; ppageno 0'>
   <div class='ocr_carea' id='block_1_1' title="bbox 202 114 1094 162">
    <p class='ocr_par' dir='ltr' id='par_1_1' title="bbox 202 114 1094 162">
     <span class='ocr_line' id='line_1_1' title="bbox 202 114 1094 162; baseline 0.001 -11"><span class='ocrx_word' id='word_1_1' title='bbox 202 116 258 152; x_wconf 75' lang='lat' dir='ltr'>VI</span> <span class='ocrx_word' id='word_1_2' title='bbox 288 124 340 162; x_wconf 89' lang='lat'>24</span> <span class='ocrx_word' id='word_1_3' title='bbox 364 130 380 160; x_wconf 80' lang='lat'>5</span> <span class='ocrx_word' id='word_1_4' title='bbox 823 114 943 152; x_wconf 87' lang='grc' dir='ltr'><strong>ΤΙΤΙ</strong></span> <span class='ocrx_word' id='word_1_5' title='bbox 977 115 1094 152; x_wconf 82' lang='lat' dir='ltr'>LIVI</span> 
     </span>
    </p>
   </div>
   <div class='ocr_carea' id='block_1_2' title="bbox 237 222 1705 1854">
    <p class='ocr_par' dir='ltr' id='par_1_2' title="bbox 289 222 1630 408">
     <span class='ocr_line' id='line_1_2' title="bbox 289 222 1630 276; baseline -0.001 -12"><span class='ocrx_word' id='word_1_6' title='bbox 289 224 484 264; x_wconf 85' lang='lat' dir='ltr'>stantibus</span> <span class='ocrx_word' id='word_1_7' title='bbox 506 224 545 263; x_wconf 87' lang='lat' dir='ltr'>in</span> <span class='ocrx_word' id='word_1_8' title='bbox 567 238 715 276; x_wconf 89' lang='lat' dir='ltr'>equum</span> <span class='ocrx_word' id='word_1_9' title='bbox 737 231 776 263; x_wconf 92' lang='lat' dir='ltr'>et</span> <span class='ocrx_word' id='word_1_10' title='bbox 797 223 940 275; x_wconf 88' lang='lat' dir='ltr'>raptim</span> <span class='ocrx_word' id='word_1_11' title='bbox 972 223 1158 264; x_wconf 90' lang='lat' dir='ltr'>subsidiis</span> <span class='ocrx_word' id='word_1_12' title='bbox 1187 222 1380 276; x_wconf 87' lang='lat' dir='ltr'>oppositis</span> <span class='ocrx_word' id='word_1_13' title='bbox 1403 226 1412 244; x_wconf 94' lang='lat'>‘</span> <span class='ocrx_word' id='word_1_14' title='bbox 1427 223 1527 263; x_wconf 86' lang='lat' dir='ltr'>haec</span> <span class='ocrx_word' id='word_1_15' title='bbox 1547 229 1606 263; x_wconf 87' lang='lat' dir='ltr'>est</span> <span class='ocrx_word' id='word_1_16' title='bbox 1621 223 1630 241; x_wconf 95' lang='lat'>’</span> 
     </span>
     <span class='ocr_line' id='line_1_3' title="bbox 290 288 1630 342; baseline -0.001 -12"><span class='ocrx_word' id='word_1_17' title='bbox 290 290 428 342; x_wconf 88' lang='lat' dir='ltr'>inquit,</span> <span class='ocrx_word' id='word_1_18' title='bbox 454 294 463 311; x_wconf 91' lang='lat'>‘</span> <span class='ocrx_word' id='word_1_19' title='bbox 480 290 634 339; x_wconf 86' lang='lat' dir='ltr'><strong>milites,</strong></span> <span class='ocrx_word' id='word_1_20' title='bbox 659 303 792 341; x_wconf 84' lang='lat' dir='ltr'>pugna</span> <span class='ocrx_word' id='word_1_21' title='bbox 812 303 932 341; x_wconf 88' lang='lat' dir='ltr'>quam</span> <span class='ocrx_word' id='word_1_22' title='bbox 954 289 1225 341; x_wconf 83' lang='lat' dir='ltr'>poposcistis?</span> <span class='ocrx_word' id='word_1_23' title='bbox 1265 288 1366 339; x_wconf 90' lang='lat' dir='ltr'>Quis</span> <span class='ocrx_word' id='word_1_24' title='bbox 1388 290 1522 337; x_wconf 91' lang='lat' dir='ltr'>homo,</span> <span class='ocrx_word' id='word_1_25' title='bbox 1541 288 1630 340; x_wconf 92' lang='lat' dir='ltr'>quis</span> 
     </span>
     <span class='ocr_line' id='line_1_4' title="bbox 289 353 1628 408; baseline -0.002 -11"><span class='ocrx_word' id='word_1_26' title='bbox 289 359 388 397; x_wconf 91' lang='lat' dir='ltr'>deus</span> <span class='ocrx_word' id='word_1_27' title='bbox 421 365 490 405; x_wconf 87' lang='lat' dir='ltr'>est,</span> <span class='ocrx_word' id='word_1_28' title='bbox 525 370 644 408; x_wconf 87' lang='lat' dir='ltr'>quem</span> <span class='ocrx_word' id='word_1_29' title='bbox 678 369 865 395; x_wconf 86' lang='lat' dir='ltr'>accusare</span> <span class='ocrx_word' id='word_1_30' title='bbox 899 354 1090 407; x_wconf 86' lang='lat' dir='ltr'>possitis?</span> <span class='ocrx_word' id='word_1_31' title='bbox 1146 357 1286 395; x_wconf 87' lang='lat' dir='ltr'>Vestra</span> <span class='ocrx_word' id='word_1_32' title='bbox 1317 354 1383 394; x_wconf 85' lang='lat' dir='ltr'>illa</span> <span class='ocrx_word' id='word_1_33' title='bbox 1416 353 1628 404; x_wconf 80' lang='lat' dir='ltr'><strong>temeritas,</strong></span> 
     </span>
    </p>

    <p class='ocr_par' dir='ltr' id='par_1_3' title="bbox 248 420 1631 671">
     <span class='ocr_line' id='line_1_5' title="bbox 248 420 1629 474; baseline -0.001 -12"><span class='ocrx_word' id='word_1_34' title='bbox 248 423 268 456; x_wconf 87' lang='lat'><strong>6</strong></span> <span class='ocrx_word' id='word_1_35' title='bbox 290 430 420 463; x_wconf 87' lang='lat' dir='ltr'>uestra</span> <span class='ocrx_word' id='word_1_36' title='bbox 454 424 611 474; x_wconf 84' lang='lat' dir='ltr'>ignauia</span> <span class='ocrx_word' id='word_1_37' title='bbox 644 423 742 461; x_wconf 90' lang='lat' dir='ltr'>haec</span> <span class='ocrx_word' id='word_1_38' title='bbox 777 429 847 460; x_wconf 89' lang='lat' dir='ltr'>est.</span> <span class='ocrx_word' id='word_1_39' title='bbox 908 420 1039 460; x_wconf 89' lang='lat' dir='ltr'>Secuti</span> <span class='ocrx_word' id='word_1_40' title='bbox 1080 420 1200 460; x_wconf 89' lang='lat' dir='ltr'>alium</span> <span class='ocrx_word' id='word_1_41' title='bbox 1236 421 1380 460; x_wconf 92' lang='lat' dir='ltr'>ducem</span> <span class='ocrx_word' id='word_1_42' title='bbox 1415 420 1629 472; x_wconf 85' lang='lat' dir='ltr'>sequimini</span> 
     </span>
     <span class='ocr_line' id='line_1_6' title="bbox 291 485 1631 539; baseline -0.001 -12"><span class='ocrx_word' id='word_1_43' title='bbox 291 502 397 528; x_wconf 88' lang='lat' dir='ltr'>nunc</span> <span class='ocrx_word' id='word_1_44' title='bbox 418 487 634 529; x_wconf 87' lang='lat' dir='ltr'>Camillum</span> <span class='ocrx_word' id='word_1_45' title='bbox 656 495 694 527; x_wconf 88' lang='lat' dir='ltr'>et</span> <span class='ocrx_word' id='word_1_46' title='bbox 724 489 834 539; x_wconf 89' lang='lat' dir='ltr'>quod</span> <span class='ocrx_word' id='word_1_47' title='bbox 862 488 985 527; x_wconf 89' lang='lat' dir='ltr'>ductu</span> <span class='ocrx_word' id='word_1_48' title='bbox 1017 500 1107 527; x_wconf 92' lang='lat' dir='ltr'>meo</span> <span class='ocrx_word' id='word_1_49' title='bbox 1137 486 1269 526; x_wconf 90' lang='lat' dir='ltr'>soletis</span> <span class='ocrx_word' id='word_1_50' title='bbox 1299 485 1459 526; x_wconf 82' lang='lat' dir='ltr'>uincite.</span> <span class='ocrx_word' id='word_1_51' title='bbox 1519 487 1631 536; x_wconf 89' lang='lat' dir='ltr'><strong>Quid</strong></span> 
     </span>
     <span class='ocr_line' id='line_1_7' title="bbox 291 551 1631 604; baseline -0.001 -11"><span class='ocrx_word' id='word_1_52' title='bbox 291 555 439 593; x_wconf 89' lang='lat' dir='ltr'>uallum</span> <span class='ocrx_word' id='word_1_53' title='bbox 474 561 513 593; x_wconf 92' lang='lat' dir='ltr'>et</span> <span class='ocrx_word' id='word_1_54' title='bbox 548 561 673 592; x_wconf 87' lang='lat' dir='ltr'>castra</span> <span class='ocrx_word' id='word_1_55' title='bbox 708 552 923 604; x_wconf 84' lang='lat' dir='ltr'>spectatis?</span> <span class='ocrx_word' id='word_1_56' title='bbox 1002 551 1213 593; x_wconf 85' lang='lat' dir='ltr'>Neminem</span> <span class='ocrx_word' id='word_1_57' title='bbox 1246 559 1421 593; x_wconf 89' lang='lat' dir='ltr'>uestrum</span> <span class='ocrx_word' id='word_1_58' title='bbox 1451 552 1517 592; x_wconf 87' lang='lat' dir='ltr'>illa</span> <span class='ocrx_word' id='word_1_59' title='bbox 1556 552 1631 592; x_wconf 88' lang='lat' dir='ltr'>nisi</span> 
     </span>
     <span class='ocr_line' id='line_1_8' title="bbox 290 620 857 671; baseline -0.005 -11"><span class='ocrx_word' id='word_1_60' title='bbox 290 620 484 660; x_wconf 90' lang='lat' dir='ltr'>uictorem</span> <span class='ocrx_word' id='word_1_61' title='bbox 504 627 708 671; x_wconf 89' lang='lat' dir='ltr'>receptura</span> <span class='ocrx_word' id='word_1_62' title='bbox 730 627 821 658; x_wconf 85' lang='lat' dir='ltr'>sunt</span> <span class='ocrx_word' id='word_1_63' title='bbox 839 621 857 658; x_wconf 87' lang='lat'>⁷.</span> 
     </span>
    </p>

    <p class='ocr_par' dir='ltr' id='par_1_4' title="bbox 251 664 1634 999">
     <span class='ocr_line' id='line_1_9' title="bbox 251 664 1633 736; baseline -0.003 -10"><span class='ocrx_word' id='word_1_64' title='bbox 251 696 267 730; x_wconf 78' lang='grc'><strong>7</strong></span> <span class='ocrx_word' id='word_1_65' title='bbox 347 687 481 726; x_wconf 90' lang='lat' dir='ltr'>Pudor</span> <span class='ocrx_word' id='word_1_66' title='bbox 515 685 643 736; x_wconf 89' lang='lat' dir='ltr'>primo</span> <span class='ocrx_word' id='word_1_67' title='bbox 683 664 826 724; x_wconf 49' lang='lat' dir='ltr'>tenui?</span> <span class='ocrx_word' id='word_1_68' title='bbox 841 686 1012 734; x_wconf 80' lang='lat' dir='ltr'>effusos3</span> <span class='ocrx_word' id='word_1_69' title='bbox 1058 683 1163 732; x_wconf 89' lang='lat' dir='ltr'>inde,</span> <span class='ocrx_word' id='word_1_70' title='bbox 1199 689 1242 723; x_wconf 89' lang='lat' dir='ltr'>ut</span> <span class='ocrx_word' id='word_1_71' title='bbox 1274 681 1487 735; x_wconf 84' lang='lat' dir='ltr'>circumagi</span> <span class='ocrx_word' id='word_1_72' title='bbox 1522 682 1633 735; x_wconf 79' lang='lat' dir='ltr'>signa</span> 
     </span>
     <span class='ocr_line' id='line_1_10' title="bbox 291 749 1632 802; baseline -0.002 -10"><span class='ocrx_word' id='word_1_73' title='bbox 291 751 529 802; x_wconf 89' lang='lat' dir='ltr'>obuertique</span> <span class='ocrx_word' id='word_1_74' title='bbox 549 750 676 790; x_wconf 84' lang='lat' dir='ltr'>aciem</span> <span class='ocrx_word' id='word_1_75' title='bbox 702 749 888 790; x_wconf 90' lang='lat' dir='ltr'>uiderunt</span> <span class='ocrx_word' id='word_1_76' title='bbox 918 750 958 789; x_wconf 88' lang='lat' dir='ltr'>in</span> <span class='ocrx_word' id='word_1_77' title='bbox 988 751 1143 790; x_wconf 89' lang='lat' dir='ltr'>hostem</span> <span class='ocrx_word' id='word_1_78' title='bbox 1175 757 1213 789; x_wconf 89' lang='lat' dir='ltr'>et</span> <span class='ocrx_word' id='word_1_79' title='bbox 1243 750 1334 797; x_wconf 92' lang='lat' dir='ltr'>dux,</span> <span class='ocrx_word' id='word_1_80' title='bbox 1357 756 1632 800; x_wconf 83' lang='lat' dir='ltr'><strong>praeterquam</strong></span> 
     </span>
     <span class='ocr_line' id='line_1_11' title="bbox 292 814 1633 869; baseline -0.003 -11"><span class='ocrx_word' id='word_1_81' title='bbox 292 819 401 869; x_wconf 90' lang='lat' dir='ltr'>quod</span> <span class='ocrx_word' id='word_1_82' title='bbox 431 825 488 857; x_wconf 90' lang='lat' dir='ltr'>tot</span> <span class='ocrx_word' id='word_1_83' title='bbox 519 816 681 868; x_wconf 84' lang='lat' dir='ltr'>insignis</span> <span class='ocrx_word' id='word_1_84' title='bbox 712 816 933 868; x_wconf 83' lang='lat' dir='ltr'>triumphis,</span> <span class='ocrx_word' id='word_1_85' title='bbox 957 815 1075 856; x_wconf 88' lang='lat' dir='ltr'>etiam</span> <span class='ocrx_word' id='word_1_86' title='bbox 1106 823 1235 855; x_wconf 88' lang='lat' dir='ltr'>aetate</span> <span class='ocrx_word' id='word_1_87' title='bbox 1265 814 1502 855; x_wconf 88' lang='lat' dir='ltr'>uenerabilis</span> <span class='ocrx_word' id='word_1_88' title='bbox 1532 814 1633 856; x_wconf 85' lang='lat' dir='ltr'>inter</span> 
     </span>
     <span class='ocr_line' id='line_1_12' title="bbox 292 881 1634 934; baseline -0.001 -12"><span class='ocrx_word' id='word_1_89' title='bbox 292 883 417 934; x_wconf 87' lang='lat' dir='ltr'>prima</span> <span class='ocrx_word' id='word_1_90' title='bbox 437 884 548 934; x_wconf 86' lang='lat' dir='ltr'>signa</span> <span class='ocrx_word' id='word_1_91' title='bbox 570 882 637 922; x_wconf 91' lang='lat' dir='ltr'>ubi</span> <span class='ocrx_word' id='word_1_92' title='bbox 659 881 851 934; x_wconf 88' lang='lat' dir='ltr'>plurimus</span> <span class='ocrx_word' id='word_1_93' title='bbox 879 882 991 922; x_wconf 89' lang='lat' dir='ltr'>labor</span> <span class='ocrx_word' id='word_1_94' title='bbox 1018 881 1316 934; x_wconf 88' lang='lat' dir='ltr'>periculumque</span> <span class='ocrx_word' id='word_1_95' title='bbox 1336 888 1418 921; x_wconf 82' lang='lat' dir='ltr'>erat</span> <span class='ocrx_word' id='word_1_96' title='bbox 1438 894 1480 920; x_wconf 90' lang='lat' dir='ltr'>se</span> <span class='ocrx_word' id='word_1_97' title='bbox 1499 881 1634 921; x_wconf 82' lang='lat' dir='ltr'>offere-</span> 
     </span>
     <span class='ocr_line' id='line_1_13' title="bbox 292 945 1632 999; baseline -0.002 -12"><span class='ocrx_word' id='word_1_98' title='bbox 292 949 370 996; x_wconf 88' lang='lat' dir='ltr'>bat,</span> <span class='ocrx_word' id='word_1_99' title='bbox 401 947 603 999; x_wconf 77' lang='lat' dir='ltr'>increpare</span> <span class='ocrx_word' id='word_1_100' title='bbox 633 947 777 999; x_wconf 84' lang='lat' dir='ltr'>singuli</span> <span class='ocrx_word' id='word_1_101' title='bbox 804 962 845 987; x_wconf 88' lang='lat' dir='ltr'>se</span> <span class='ocrx_word' id='word_1_102' title='bbox 874 947 1042 998; x_wconf 86' lang='lat' dir='ltr'>quisque</span> <span class='ocrx_word' id='word_1_103' title='bbox 1072 955 1109 987; x_wconf 92' lang='lat' dir='ltr'>et</span> <span class='ocrx_word' id='word_1_104' title='bbox 1139 946 1248 995; x_wconf 90' lang='lat' dir='ltr'>alios,</span> <span class='ocrx_word' id='word_1_105' title='bbox 1271 954 1309 986; x_wconf 92' lang='lat' dir='ltr'>et</span> <span class='ocrx_word' id='word_1_106' title='bbox 1339 945 1563 986; x_wconf 77' lang='lat' dir='ltr'>adhortatio</span> <span class='ocrx_word' id='word_1_107' title='bbox 1593 945 1632 984; x_wconf 89' lang='lat' dir='ltr'>in</span> 
     </span>
    </p>

    <p class='ocr_par' dir='ltr' id='par_1_5' title="bbox 253 1011 1634 1328">
     <span class='ocr_line' id='line_1_14' title="bbox 253 1011 1634 1064; baseline -0.001 -12"><span class='ocrx_word' id='word_1_108' title='bbox 253 1018 271 1048; x_wconf 81' lang='lat'>8</span> <span class='ocrx_word' id='word_1_109' title='bbox 294 1013 422 1053; x_wconf 89' lang='lat' dir='ltr'>uicem</span> <span class='ocrx_word' id='word_1_110' title='bbox 457 1021 579 1053; x_wconf 84' lang='lat' dir='ltr'>totam</span> <span class='ocrx_word' id='word_1_111' title='bbox 607 1014 725 1053; x_wconf 85' lang='lat' dir='ltr'>alacri</span> <span class='ocrx_word' id='word_1_112' title='bbox 756 1015 929 1053; x_wconf 89' lang='lat' dir='ltr'>clamore</span> <span class='ocrx_word' id='word_1_113' title='bbox 961 1011 1132 1064; x_wconf 88' lang='lat' dir='ltr'>peruasit</span> <span class='ocrx_word' id='word_1_114' title='bbox 1163 1012 1302 1052; x_wconf 85' lang='lat' dir='ltr'>aciem.</span> <span class='ocrx_word' id='word_1_115' title='bbox 1362 1012 1507 1063; x_wconf 90' lang='lat' dir='ltr'>Neque</span> <span class='ocrx_word' id='word_1_116' title='bbox 1536 1012 1634 1051; x_wconf 88' lang='lat' dir='ltr'>alter</span> 
     </span>
     <span class='ocr_line' id='line_1_15' title="bbox 294 1078 1631 1130; baseline 0 -12"><span class='ocrx_word' id='word_1_117' title='bbox 294 1079 474 1120; x_wconf 88' lang='lat' dir='ltr'>tribunus</span> <span class='ocrx_word' id='word_1_118' title='bbox 495 1080 548 1120; x_wconf 91' lang='lat' dir='ltr'>rei</span> <span class='ocrx_word' id='word_1_119' title='bbox 570 1080 695 1120; x_wconf 88' lang='lat' dir='ltr'>defuit</span> <span class='ocrx_word' id='word_1_120' title='bbox 717 1081 788 1120; x_wconf 92' lang='lat' dir='ltr'>sed</span> <span class='ocrx_word' id='word_1_121' title='bbox 810 1081 951 1119; x_wconf 82' lang='lat' dir='ltr'>missus</span> <span class='ocrx_word' id='word_1_122' title='bbox 972 1093 995 1118; x_wconf 88' lang='lat' dir='ltr'>a</span> <span class='ocrx_word' id='word_1_123' title='bbox 1016 1080 1167 1130; x_wconf 87' lang='lat' dir='ltr'>collega</span> <span class='ocrx_word' id='word_1_124' title='bbox 1193 1078 1424 1119; x_wconf 85' lang='lat' dir='ltr'>restituente</span> <span class='ocrx_word' id='word_1_125' title='bbox 1451 1078 1631 1130; x_wconf 89' lang='lat' dir='ltr'>peditum</span> 
     </span>
     <span class='ocr_line' id='line_1_16' title="bbox 292 1143 1632 1196; baseline 0 -12"><span class='ocrx_word' id='word_1_126' title='bbox 292 1145 418 1185; x_wconf 82' lang='lat' dir='ltr'>aciem</span> <span class='ocrx_word' id='word_1_127' title='bbox 439 1146 490 1185; x_wconf 89' lang='lat' dir='ltr'>ad</span> <span class='ocrx_word' id='word_1_128' title='bbox 520 1145 684 1195; x_wconf 82' lang='lat' dir='ltr'>equites,</span> <span class='ocrx_word' id='word_1_129' title='bbox 708 1159 789 1185; x_wconf 86' lang='lat' dir='ltr'>non</span> <span class='ocrx_word' id='word_1_130' title='bbox 817 1145 1155 1196; x_wconf 84' lang='lat' dir='ltr'>castigando-ad</span> <span class='ocrx_word' id='word_1_131' title='bbox 1179 1158 1298 1195; x_wconf 89' lang='lat' dir='ltr'>quam</span> <span class='ocrx_word' id='word_1_132' title='bbox 1329 1157 1412 1184; x_wconf 88' lang='lat' dir='ltr'>rem</span> <span class='ocrx_word' id='word_1_133' title='bbox 1442 1143 1632 1185; x_wconf 88' lang='lat' dir='ltr'>leuiorem</span> 
     </span>
     <span class='ocr_line' id='line_1_17' title="bbox 292 1209 1634 1262; baseline -0.001 -12"><span class='ocrx_word' id='word_1_134' title='bbox 292 1219 493 1251; x_wconf 81' lang='lat' dir='ltr'>auctorem</span> <span class='ocrx_word' id='word_1_135' title='bbox 517 1223 607 1250; x_wconf 86' lang='lat' dir='ltr'>eum</span> <span class='ocrx_word' id='word_1_136' title='bbox 630 1212 771 1262; x_wconf 87' lang='lat' dir='ltr'>culpae</span> <span class='ocrx_word' id='word_1_137' title='bbox 792 1210 959 1251; x_wconf 82' lang='lat' dir='ltr'>Societas</span> <span class='ocrx_word' id='word_1_138' title='bbox 974 1211 1245 1250; x_wconf 83' lang='lat' dir='ltr'>fecerat—sed</span> <span class='ocrx_word' id='word_1_139' title='bbox 1265 1209 1316 1249; x_wconf 90' lang='lat' dir='ltr'>ab</span> <span class='ocrx_word' id='word_1_140' title='bbox 1339 1209 1506 1262; x_wconf 88' lang='lat' dir='ltr'>imperio</span> <span class='ocrx_word' id='word_1_141' title='bbox 1529 1217 1634 1250; x_wconf 88' lang='lat' dir='ltr'>totus</span> 
     </span>
     <span class='ocr_line' id='line_1_18' title="bbox 293 1276 1633 1328; baseline 0 -14"><span class='ocrx_word' id='word_1_142' title='bbox 293 1277 343 1315; x_wconf 89' lang='lat' dir='ltr'>ad</span> <span class='ocrx_word' id='word_1_143' title='bbox 374 1289 510 1327; x_wconf 85' lang='lat' dir='ltr'>preces</span> <span class='ocrx_word' id='word_1_144' title='bbox 540 1290 676 1316; x_wconf 87' lang='lat' dir='ltr'>uersus</span> <span class='ocrx_word' id='word_1_145' title='bbox 707 1291 817 1317; x_wconf 87' lang='lat' dir='ltr'>orare</span> <span class='ocrx_word' id='word_1_146' title='bbox 847 1276 1022 1327; x_wconf 80' lang='lat' dir='ltr'>singulos</span> <span class='ocrx_word' id='word_1_147' title='bbox 1053 1276 1340 1328; x_wconf 82' lang='lat' dir='ltr'>uniuersosque</span> <span class='ocrx_word' id='word_1_148' title='bbox 1369 1283 1412 1316; x_wconf 92' lang='lat' dir='ltr'>ut</span> <span class='ocrx_word' id='word_1_149' title='bbox 1447 1290 1489 1315; x_wconf 87' lang='lat' dir='ltr'>se</span> <span class='ocrx_word' id='word_1_150' title='bbox 1522 1289 1633 1316; x_wconf 85' lang='lat' dir='ltr'>reum</span> 
     </span>
    </p>

    <p class='ocr_par' dir='ltr' id='par_1_6' title="bbox 255 1342 1705 1655">
     <span class='ocr_line' id='line_1_19' title="bbox 255 1342 1635 1396; baseline 0 -13"><span class='ocrx_word' id='word_1_151' title='bbox 255 1352 273 1383; x_wconf 88' lang='lat'><strong>9</strong></span> <span class='ocrx_word' id='word_1_152' title='bbox 295 1343 473 1381; x_wconf 87' lang='lat' dir='ltr'>fortunae</span> <span class='ocrx_word' id='word_1_153' title='bbox 508 1342 592 1382; x_wconf 84' lang='lat' dir='ltr'>eius</span> <span class='ocrx_word' id='word_1_154' title='bbox 627 1343 705 1383; x_wconf 90' lang='lat' dir='ltr'>diei</span> <span class='ocrx_word' id='word_1_155' title='bbox 738 1342 901 1382; x_wconf 87' lang='lat' dir='ltr'>crimine</span> <span class='ocrx_word' id='word_1_156' title='bbox 933 1343 1176 1383; x_wconf 81' lang='lat' dir='ltr'>eximerent:</span> <span class='ocrx_word' id='word_1_157' title='bbox 1210 1343 1452 1384; x_wconf 88' lang='lat' dir='ltr'>‘Abnuente</span> <span class='ocrx_word' id='word_1_158' title='bbox 1478 1357 1524 1383; x_wconf 87' lang='lat' dir='ltr'>ac</span> <span class='ocrx_word' id='word_1_159' title='bbox 1549 1356 1635 1396; x_wconf 89' lang='lat' dir='ltr'>pro-</span> 
     </span>
     <span class='ocr_line' id='line_1_20' title="bbox 293 1407 1633 1461; baseline 0.001 -14"><span class='ocrx_word' id='word_1_160' title='bbox 293 1407 456 1448; x_wconf 87' lang='lat' dir='ltr'>hibente</span> <span class='ocrx_word' id='word_1_161' title='bbox 477 1410 629 1460; x_wconf 86' lang='lat' dir='ltr'>collega</span> <span class='ocrx_word' id='word_1_162' title='bbox 650 1409 859 1449; x_wconf 87' lang='lat' dir='ltr'>temeritati</span> <span class='ocrx_word' id='word_1_163' title='bbox 881 1422 945 1448; x_wconf 90' lang='lat' dir='ltr'>me</span> <span class='ocrx_word' id='word_1_164' title='bbox 970 1407 1150 1448; x_wconf 83' lang='lat' dir='ltr'>omn&#39;ium</span> <span class='ocrx_word' id='word_1_165' title='bbox 1172 1409 1303 1459; x_wconf 90' lang='lat' dir='ltr'>potius</span> <span class='ocrx_word' id='word_1_166' title='bbox 1327 1409 1481 1449; x_wconf 90' lang='lat' dir='ltr'>socium</span> <span class='ocrx_word' id='word_1_167' title='bbox 1512 1422 1633 1461; x_wconf 86' lang='lat' dir='ltr'>quam</span> 
     </span>
     <span class='ocr_line' id='line_1_21' title="bbox 294 1474 1635 1526; baseline 0.001 -12"><span class='ocrx_word' id='word_1_168' title='bbox 294 1474 409 1514; x_wconf 88' lang='lat' dir='ltr'>unius</span> <span class='ocrx_word' id='word_1_169' title='bbox 431 1475 665 1526; x_wconf 84' lang='lat' dir='ltr'>prudentiae</span> <span class='ocrx_word' id='word_1_170' title='bbox 685 1476 789 1515; x_wconf 91' lang='lat' dir='ltr'>dedi.</span> <span class='ocrx_word' id='word_1_171' title='bbox 850 1476 1042 1515; x_wconf 85' lang='lat' dir='ltr'>Camillus</span> <span class='ocrx_word' id='word_1_172' title='bbox 1071 1474 1111 1514; x_wconf 91' lang='lat' dir='ltr'>in</span> <span class='ocrx_word' id='word_1_173' title='bbox 1137 1484 1302 1526; x_wconf 86' lang='lat' dir='ltr'>utraque</span> <span class='ocrx_word' id='word_1_174' title='bbox 1327 1482 1456 1515; x_wconf 90' lang='lat' dir='ltr'>uestra</span> <span class='ocrx_word' id='word_1_175' title='bbox 1477 1475 1635 1515; x_wconf 87' lang='lat' dir='ltr'>fortuna</span> 
     </span>
     <span class='ocr_line' id='line_1_22' title="bbox 294 1540 1636 1593; baseline 0 -12"><span class='ocrx_word' id='word_1_176' title='bbox 294 1555 405 1581; x_wconf 83' lang='lat' dir='ltr'>suam</span> <span class='ocrx_word' id='word_1_177' title='bbox 426 1541 591 1592; x_wconf 85' lang='lat' dir='ltr'>gloriam</span> <span class='ocrx_word' id='word_1_178' title='bbox 613 1541 722 1582; x_wconf 88' lang='lat' dir='ltr'>uidet</span> <span class='ocrx_word' id='word_1_179' title='bbox 739 1556 748 1590; x_wconf 64' lang='grc' dir='ltr'><em>ς</em></span> <span class='ocrx_word' id='word_1_180' title='bbox 778 1555 864 1593; x_wconf 83' lang='lat' dir='ltr'>ego,</span> <span class='ocrx_word' id='word_1_181' title='bbox 887 1541 927 1580; x_wconf 87' lang='lat' dir='ltr'>ni</span> <span class='ocrx_word' id='word_1_182' title='bbox 955 1540 1170 1580; x_wconf 86' lang='lat' dir='ltr'>restituitur</span> <span class='ocrx_word' id='word_1_183' title='bbox 1197 1554 1339 1592; x_wconf 76' lang='lat' dir='ltr'>pugna,</span> <span class='ocrx_word' id='word_1_184' title='bbox 1363 1542 1474 1592; x_wconf 91' lang='lat' dir='ltr'>quod</span> <span class='ocrx_word' id='word_1_185' title='bbox 1503 1540 1636 1581; x_wconf 88' lang='lat' dir='ltr'>miser-</span> 
     </span>
     <span class='ocr_line' id='line_1_23' title="bbox 294 1605 1705 1655; baseline 0 -9"><span class='ocrx_word' id='word_1_186' title='bbox 294 1608 437 1646; x_wconf 85' lang='lat' dir='ltr'>rimum</span> <span class='ocrx_word' id='word_1_187' title='bbox 473 1614 543 1654; x_wconf 86' lang='lat' dir='ltr'>est,</span> <span class='ocrx_word' id='word_1_188' title='bbox 580 1608 776 1646; x_wconf 87' lang='lat' dir='ltr'>fortunam</span> <span class='ocrx_word' id='word_1_189' title='bbox 811 1620 900 1646; x_wconf 91' lang='lat' dir='ltr'>cum</span> <span class='ocrx_word' id='word_1_190' title='bbox 939 1606 1138 1654; x_wconf 87' lang='lat' dir='ltr'>omnibus,</span> <span class='ocrx_word' id='word_1_191' title='bbox 1174 1605 1374 1645; x_wconf 86' lang='lat' dir='ltr'>infamiam</span> <span class='ocrx_word' id='word_1_192' title='bbox 1410 1607 1518 1646; x_wconf 90' lang='lat' dir='ltr'>solus</span> <span class='ocrx_word' id='word_1_193' title='bbox 1551 1619 1636 1646; x_wconf 87' lang='lat' dir='ltr'>sen·</span> <span class='ocrx_word' id='word_1_194' title='bbox 1703 1647 1705 1655; x_wconf 26' lang='grc' dir='ltr'>ζ</span> 
     </span>
    </p>

    <p class='ocr_par' dir='ltr' id='par_1_7' title="bbox 237 1671 1705 1854">
     <span class='ocr_line' id='line_1_24' title="bbox 237 1671 1635 1723; baseline -0.003 -8"><span class='ocrx_word' id='word_1_195' title='bbox 237 1692 275 1715; x_wconf 91' lang='lat'>10</span> <span class='ocrx_word' id='word_1_196' title='bbox 296 1671 413 1712; x_wconf 86' lang='lat' dir='ltr'>tiam.&#39;</span> <span class='ocrx_word' id='word_1_197' title='bbox 473 1672 681 1723; x_wconf 88' lang='lat' dir='ltr'>Optimum</span> <span class='ocrx_word' id='word_1_198' title='bbox 710 1673 838 1712; x_wconf 91' lang='lat' dir='ltr'>uisum</span> <span class='ocrx_word' id='word_1_199' title='bbox 868 1680 926 1712; x_wconf 83' lang='lat' dir='ltr'>est</span> <span class='ocrx_word' id='word_1_200' title='bbox 953 1673 992 1711; x_wconf 90' lang='lat' dir='ltr'>in</span> <span class='ocrx_word' id='word_1_201' title='bbox 1020 1673 1237 1712; x_wconf 88' lang='lat' dir='ltr'>fluctuante</span> <span class='ocrx_word' id='word_1_202' title='bbox 1265 1671 1350 1711; x_wconf 90' lang='lat' dir='ltr'>acie</span> <span class='ocrx_word' id='word_1_203' title='bbox 1379 1671 1481 1711; x_wconf 90' lang='lat' dir='ltr'>tradi</span> <span class='ocrx_word' id='word_1_204' title='bbox 1508 1684 1635 1723; x_wconf 87' lang='lat' dir='ltr'>equos</span> 
     </span>
     <span class='ocr_line' id='line_1_25' title="bbox 294 1735 1636 1789; baseline -0.003 -11"><span class='ocrx_word' id='word_1_205' title='bbox 294 1747 331 1777; x_wconf 89' lang='lat' dir='ltr'>et</span> <span class='ocrx_word' id='word_1_206' title='bbox 363 1738 537 1789; x_wconf 82' lang='lat' dir='ltr'>pedestri·</span> <span class='ocrx_word' id='word_1_207' title='bbox 564 1752 696 1789; x_wconf 84' lang='lat' dir='ltr'>pugna</span> <span class='ocrx_word' id='word_1_208' title='bbox 726 1738 915 1777; x_wconf 89' lang='lat' dir='ltr'>inuadere</span> <span class='ocrx_word' id='word_1_209' title='bbox 947 1739 1114 1777; x_wconf 85' lang='lat' dir='ltr'>hostem.</span> <span class='ocrx_word' id='word_1_210' title='bbox 1176 1738 1284 1776; x_wconf 90' lang='lat' dir='ltr'>Eunt</span> <span class='ocrx_word' id='word_1_211' title='bbox 1313 1736 1486 1788; x_wconf 89' lang='lat' dir='ltr'>insignes</span> <span class='ocrx_word' id='word_1_212' title='bbox 1516 1735 1636 1776; x_wconf 88' lang='lat' dir='ltr'>armis</span> 
     </span>
     <span class='ocr_line' id='line_1_26' title="bbox 294 1790 1698 1854; baseline 0 -12"><span class='ocrx_word' id='word_1_213' title='bbox 294 1803 517 1854; x_wconf 89' lang='lat' dir='ltr'>animisque</span> <span class='ocrx_word' id='word_1_214' title='bbox 538 1817 616 1854; x_wconf 88' lang='lat' dir='ltr'>qua</span> <span class='ocrx_word' id='word_1_215' title='bbox 638 1805 760 1854; x_wconf 88' lang='lat' dir='ltr'>premi</span> <span class='ocrx_word' id='word_1_216' title='bbox 783 1811 892 1854; x_wconf 87' lang='lat' dir='ltr'>parte</span> <span class='ocrx_word' id='word_1_217' title='bbox 916 1802 1084 1843; x_wconf 87' lang='lat' dir='ltr'>maxime</span> <span class='ocrx_word' id='word_1_218' title='bbox 1111 1802 1288 1853; x_wconf 88' lang='lat' dir='ltr'>peditum</span> <span class='ocrx_word' id='word_1_219' title='bbox 1319 1803 1456 1854; x_wconf 89' lang='lat' dir='ltr'>copias</span> <span class='ocrx_word' id='word_1_220' title='bbox 1483 1794 1649 1842; x_wconf 44' lang='lat' dir='ltr'>uident(</span> <span class='ocrx_word' id='word_1_221' title='bbox 1696 1790 1698 1795; x_wconf 31' lang='grc' dir='ltr'>Ι</span> 
     </span>
    </p>
   </div>
   <div class='ocr_carea' id='block_1_3' title="bbox 297 1866 1637 1919">
    <p class='ocr_par' dir='ltr' id='par_1_8' title="bbox 297 1853 1703 1919">
     <span class='ocr_line' id='line_1_27' title="bbox 297 1866 1637 1919; baseline -0.001 -11"><span class='ocrx_word' id='word_1_222' title='bbox 297 1868 405 1909; x_wconf 87' lang='lat' dir='ltr'>Nihil</span> <span class='ocrx_word' id='word_1_223' title='bbox 446 1882 576 1919; x_wconf 86' lang='lat' dir='ltr'>neque</span> <span class='ocrx_word' id='word_1_224' title='bbox 614 1869 722 1919; x_wconf 86' lang='lat' dir='ltr'>apud</span> <span class='ocrx_word' id='word_1_225' title='bbox 763 1869 886 1908; x_wconf 90' lang='lat' dir='ltr'>duces</span> <span class='ocrx_word' id='word_1_226' title='bbox 928 1882 1058 1914; x_wconf 82' lang='lat' dir='ltr'>neque</span> <span class='ocrx_word' id='word_1_227' title='bbox 1097 1869 1205 1918; x_wconf 90' lang='lat' dir='ltr'>apud</span> <span class='ocrx_word' id='word_1_228' title='bbox 1245 1866 1388 1907; x_wconf 88' lang='lat' dir='ltr'>milites</span> <span class='ocrx_word' id='word_1_229' title='bbox 1427 1866 1637 1907; x_wconf 84' lang='lat' dir='ltr'>remittitur</span> 
     </span>
    </p>
   </div>
   <div class='ocr_carea' id='block_1_4' title="bbox 238 1932 1635 1984">
    <p class='ocr_par' dir='ltr' id='par_1_9' title="bbox 238 1932 1635 1984">
     <span class='ocr_line' id='line_1_28' title="bbox 238 1932 1635 1984; baseline 0.002 -13"><span class='ocrx_word' id='word_1_230' title='bbox 238 1949 270 1971; x_wconf 89' lang='lat'>11</span> <span class='ocrx_word' id='word_1_231' title='bbox 293 1947 316 1973; x_wconf 87' lang='lat' dir='ltr'>a</span> <span class='ocrx_word' id='word_1_232' title='bbox 350 1946 507 1971; x_wconf 84' lang='lat' dir='ltr'>summo</span> <span class='ocrx_word' id='word_1_233' title='bbox 542 1933 757 1972; x_wconf 85' lang='lat' dir='ltr'>certamine</span> <span class='ocrx_word' id='word_1_234' title='bbox 793 1932 925 1971; x_wconf 91' lang='lat' dir='ltr'>animi.</span> <span class='ocrx_word' id='word_1_235' title='bbox 987 1932 1116 1972; x_wconf 88' lang='lat' dir='ltr'>Sensit</span> <span class='ocrx_word' id='word_1_236' title='bbox 1151 1946 1243 1984; x_wconf 88' lang='lat' dir='ltr'>ergo</span> <span class='ocrx_word' id='word_1_237' title='bbox 1278 1941 1446 1973; x_wconf 89' lang='lat' dir='ltr'>euentus</span> <span class='ocrx_word' id='word_1_238' title='bbox 1479 1933 1635 1974; x_wconf 88' lang='lat' dir='ltr'>uirtutis</span> 
     </span>
    </p>
   </div>
   <div class='ocr_carea' id='block_1_5' title="bbox 339 2033 1636 2076">
    <p class='ocr_par' dir='ltr' id='par_1_10' title="bbox 339 2033 1636 2076">
     <span class='ocr_line' id='line_1_29' title="bbox 339 2033 1636 2076; baseline 0.002 -11"><span class='ocrx_word' id='word_1_239' title='bbox 339 2044 356 2073; x_wconf 93' lang='lat'>7</span> <span class='ocrx_word' id='word_1_240' title='bbox 381 2040 490 2066; x_wconf 86' lang='lat' dir='ltr'>aetate</span> <span class='ocrx_word' id='word_1_241' title='bbox 509 2034 767 2073; x_wconf 48' lang='lat' dir='ltr'>M2P²taetatae</span> <span class='ocrx_word' id='word_1_242' title='bbox 784 2033 1065 2076; x_wconf 80' lang='lat' dir='ltr'><em>P)FUpOETA2</em></span> <span class='ocrx_word' id='word_1_243' title='bbox 1082 2045 1089 2066; x_wconf 74' lang='grc' dir='ltr'><strong>ε</strong></span> <span class='ocrx_word' id='word_1_244' title='bbox 1113 2039 1146 2066; x_wconf 85' lang='lat' dir='ltr'>et</span> <span class='ocrx_word' id='word_1_245' title='bbox 1168 2039 1281 2066; x_wconf 84' lang='lat' dir='ltr'>aetate</span> <span class='ocrx_word' id='word_1_246' title='bbox 1300 2035 1354 2066; x_wconf 85' lang='lat' dir='ltr'>B:</span> <span class='ocrx_word' id='word_1_247' title='bbox 1377 2040 1455 2067; x_wconf 85' lang='lat' dir='ltr'>aeta</span> <span class='ocrx_word' id='word_1_248' title='bbox 1470 2035 1533 2068; x_wconf 81' lang='lat' dir='ltr'>M:</span> <span class='ocrx_word' id='word_1_249' title='bbox 1560 2041 1636 2068; x_wconf 84' lang='lat' dir='ltr'>acta</span> 
     </span>
    </p>
   </div>
   <div class='ocr_carea' id='block_1_6' title="bbox 294 2077 1697 2253">
    <p class='ocr_par' dir='ltr' id='par_1_11' title="bbox 294 2077 1698 2255">
     <span class='ocr_line' id='line_1_30' title="bbox 294 2077 1694 2120; baseline 0.002 -11"><span class='ocrx_word' id='word_1_250' title='bbox 294 2077 395 2109; x_wconf 78' lang='lat' dir='ltr'>DLA</span> <span class='ocrx_word' id='word_1_251' title='bbox 413 2089 419 2110; x_wconf 89' lang='lat'>:</span> <span class='ocrx_word' id='word_1_252' title='bbox 445 2083 522 2109; x_wconf 81' lang='lat' dir='ltr'>actu</span> <span class='ocrx_word' id='word_1_253' title='bbox 539 2078 594 2109; x_wconf 85' lang='lat' dir='ltr'>H:</span> <span class='ocrx_word' id='word_1_254' title='bbox 622 2083 655 2109; x_wconf 88' lang='lat' dir='ltr'>et</span> <span class='ocrx_word' id='word_1_255' title='bbox 673 2083 795 2110; x_wconf 86' lang='lat' dir='ltr'>exacta</span> <span class='ocrx_word' id='word_1_256' title='bbox 811 2083 924 2109; x_wconf 82' lang='lat' dir='ltr'>aetate</span> <span class='ocrx_word' id='word_1_257' title='bbox 940 2077 989 2108; x_wconf 81' lang='lat' dir='ltr'>D³</span> <span class='ocrx_word' id='word_1_258' title='bbox 1006 2077 1079 2109; x_wconf 79' lang='lat' dir='ltr'>dett.</span> <span class='ocrx_word' id='word_1_259' title='bbox 1096 2078 1172 2120; x_wconf 80' lang='lat' dir='ltr'>aliq.</span> <span class='ocrx_word' id='word_1_260' title='bbox 1313 2080 1334 2110; x_wconf 90' lang='lat'>8</span> <span class='ocrx_word' id='word_1_261' title='bbox 1360 2081 1552 2112; x_wconf 85' lang='lat' dir='ltr'>eximerent</span> <span class='ocrx_word' id='word_1_262' title='bbox 1565 2079 1638 2111; x_wconf 89' lang='lat' dir='ltr'>MP</span> <span class='ocrx_word' id='word_1_263' title='bbox 1691 2085 1694 2087; x_wconf 73' lang='grc'><strong>’</strong></span> 
     </span>
     <span class='ocr_line' id='line_1_31' title="bbox 295 2121 1690 2164; baseline 0.002 -12"><span class='ocrx_word' id='word_1_264' title='bbox 295 2121 610 2162; x_wconf 79' lang='lat' dir='ltr'><em>FUpBOETDLA</em></span> <span class='ocrx_word' id='word_1_265' title='bbox 630 2133 637 2153; x_wconf 74' lang='grc' dir='ltr'><strong>ε</strong></span> <span class='ocrx_word' id='word_1_266' title='bbox 673 2127 863 2154; x_wconf 85' lang='lat' dir='ltr'>exonerent</span> <span class='ocrx_word' id='word_1_267' title='bbox 889 2122 930 2152; x_wconf 91' lang='lat' dir='ltr'><em>H</em></span> <span class='ocrx_word' id='word_1_268' title='bbox 1096 2132 1117 2162; x_wconf 95' lang='lat'><strong>9</strong></span> <span class='ocrx_word' id='word_1_269' title='bbox 1140 2122 1322 2153; x_wconf 81' lang='lat' dir='ltr'>temeritati</span> <span class='ocrx_word' id='word_1_270' title='bbox 1358 2122 1405 2154; x_wconf 62' lang='grc' dir='ltr'>ΤΙῑ</span> <span class='ocrx_word' id='word_1_271' title='bbox 1429 2123 1506 2155; x_wconf 80' lang='lat' dir='ltr'>dett.</span> <span class='ocrx_word' id='word_1_272' title='bbox 1533 2123 1634 2164; x_wconf 74' lang='lat' dir='ltr'>aliq.:</span> <span class='ocrx_word' id='word_1_273' title='bbox 1688 2124 1690 2130; x_wconf 80' lang='grc'><em>’</em></span> 
     </span>
     <span class='ocr_line' id='line_1_32' title="bbox 295 2165 1697 2207; baseline 0.002 -11"><span class='ocrx_word' id='word_1_274' title='bbox 295 2166 496 2196; x_wconf 84' lang='lat' dir='ltr'>temeritatis</span> <span class='ocrx_word' id='word_1_275' title='bbox 535 2166 639 2197; x_wconf 81' lang='lat' dir='ltr'>MPF</span> <span class='ocrx_word' id='word_1_276' title='bbox 639 2165 790 2207; x_wconf 86' lang='lat' dir='ltr'>UpBOE</span> <span class='ocrx_word' id='word_1_277' title='bbox 796 2165 923 2196; x_wconf 86' lang='lat' dir='ltr'><em>TDLA</em></span> <span class='ocrx_word' id='word_1_278' title='bbox 942 2176 949 2196; x_wconf 77' lang='lat' dir='ltr'><strong><em>z</em></strong></span> <span class='ocrx_word' id='word_1_279' title='bbox 993 2166 1207 2197; x_wconf 85' lang='lat' dir='ltr'>temeritatos</span> <span class='ocrx_word' id='word_1_280' title='bbox 1245 2165 1286 2196; x_wconf 89' lang='lat' dir='ltr'><em>H</em></span> <span class='ocrx_word' id='word_1_281' title='bbox 1296 2176 1304 2203; x_wconf 87' lang='lat'><em>;</em></span> <span class='ocrx_word' id='word_1_282' title='bbox 1347 2167 1465 2199; x_wconf 81' lang='lat' dir='ltr'>melior</span> <span class='ocrx_word' id='word_1_283' title='bbox 1498 2166 1637 2199; x_wconf 79' lang='lat' dir='ltr'>datiuus</span> <span class='ocrx_word' id='word_1_284' title='bbox 1692 2170 1697 2204; x_wconf 70' lang='lat' dir='ltr'>,i</span> 
     </span>
     <span class='ocr_line' id='line_1_33' title="bbox 296 2209 1695 2253; baseline 0.003 -14"><span class='ocrx_word' id='word_1_285' title='bbox 296 2209 429 2240; x_wconf 75' lang='lat' dir='ltr'>m&#39;delur</span> <span class='ocrx_word' id='word_1_286' title='bbox 453 2221 557 2250; x_wconf 74' lang='lat' dir='ltr'>quam</span> <span class='ocrx_word' id='word_1_287' title='bbox 579 2211 754 2251; x_wconf 79' lang='lat' dir='ltr'>genetiuus</span> <span class='ocrx_word' id='word_1_288' title='bbox 914 2219 953 2240; x_wconf 89' lang='lat'>10</span> <span class='ocrx_word' id='word_1_289' title='bbox 976 2209 1009 2240; x_wconf 90' lang='lat' dir='ltr'>in</span> <span class='ocrx_word' id='word_1_290' title='bbox 1037 2210 1221 2241; x_wconf 84' lang='lat' dir='ltr'>fluctuante</span> <span class='ocrx_word' id='word_1_291' title='bbox 1246 2211 1319 2241; x_wconf 87' lang='lat' dir='ltr'>acie</span> <span class='ocrx_word' id='word_1_292' title='bbox 1344 2209 1571 2253; x_wconf 80' lang='lat' dir='ltr'>Heerwagen:</span> <span class='ocrx_word' id='word_1_293' title='bbox 1599 2210 1633 2242; x_wconf 86' lang='lat' dir='ltr'>in</span> <span class='ocrx_word' id='word_1_294' title='bbox 1689 2216 1695 2245; x_wconf 53' lang='grc' dir='ltr'>ξ</span> 
     </span>
    </p>
   </div>
   <div class='ocr_carea' id='block_1_7' title="bbox 295 2252 1635 2295">
    <p class='ocr_par' dir='ltr' id='par_1_12' title="bbox 295 2252 1635 2295">
     <span class='ocr_line' id='line_1_34' title="bbox 295 2252 1635 2295; baseline 0.002 -12"><span class='ocrx_word' id='word_1_295' title='bbox 295 2254 512 2284; x_wconf 82' lang='lat' dir='ltr'>fluctuantem</span> <span class='ocrx_word' id='word_1_296' title='bbox 527 2254 633 2286; x_wconf 82' lang='lat' dir='ltr'>aciem</span> <span class='ocrx_word' id='word_1_297' title='bbox 650 2252 946 2294; x_wconf 86' lang='lat' dir='ltr'><em>MPFUpBOEH</em></span> <span class='ocrx_word' id='word_1_298' title='bbox 956 2252 1029 2294; x_wconf 84' lang='lat' dir='ltr'>(sed</span> <span class='ocrx_word' id='word_1_299' title='bbox 1041 2263 1106 2285; x_wconf 90' lang='lat' dir='ltr'>om.</span> <span class='ocrx_word' id='word_1_300' title='bbox 1124 2253 1248 2294; x_wconf 77' lang='lat' dir='ltr'>aciem)</span> <span class='ocrx_word' id='word_1_301' title='bbox 1266 2253 1395 2285; x_wconf 85' lang='lat' dir='ltr'><em>TDLA</em></span> <span class='ocrx_word' id='word_1_302' title='bbox 1411 2254 1635 2295; x_wconf 76' lang='lat' dir='ltr'>(sedsorsitcm</span> 
     </span>
    </p>
   </div>
   <div class='ocr_carea' id='block_1_8' title="bbox 293 2295 1705 2344">
    <p class='ocr_par' dir='ltr' id='par_1_13' title="bbox 293 2295 1705 2344">
     <span class='ocr_line' id='line_1_35' title="bbox 293 2295 1705 2344; baseline 0.003 -18"><span class='ocrx_word' id='word_1_303' title='bbox 293 2297 370 2327; x_wconf 73' lang='lat' dir='ltr'>aliis</span> <span class='ocrx_word' id='word_1_304' title='bbox 381 2296 423 2327; x_wconf 93' lang='lat' dir='ltr'><em>M</em></span> <span class='ocrx_word' id='word_1_305' title='bbox 437 2297 594 2328; x_wconf 77' lang='lat' dir='ltr'>uideatur</span> <span class='ocrx_word' id='word_1_306' title='bbox 607 2297 679 2329; x_wconf 88' lang='lat' dir='ltr'>acie</span> <span class='ocrx_word' id='word_1_307' title='bbox 695 2301 725 2328; x_wconf 83' lang='lat' dir='ltr'>el</span> <span class='ocrx_word' id='word_1_308' title='bbox 734 2295 765 2327; x_wconf 87' lang='lat' dir='ltr'><em>E</em></span> <span class='ocrx_word' id='word_1_309' title='bbox 776 2297 961 2327; x_wconf 83' lang='lat' dir='ltr'>fluctuante</span> <span class='ocrx_word' id='word_1_310' title='bbox 973 2297 1087 2338; x_wconf 75' lang='lat' dir='ltr'>primo</span> <span class='ocrx_word' id='word_1_311' title='bbox 1099 2296 1273 2338; x_wconf 76' lang='lat' dir='ltr'>scripsisse)</span> <span class='ocrx_word' id='word_1_312' title='bbox 1286 2308 1298 2335; x_wconf 85' lang='lat'><em>;</em></span> <span class='ocrx_word' id='word_1_313' title='bbox 1320 2299 1441 2338; x_wconf 79' lang='lat' dir='ltr'>confert</span> <span class='ocrx_word' id='word_1_314' title='bbox 1455 2297 1632 2330; x_wconf 79' lang='lat' dir='ltr'>Weissenb.</span> <span class='ocrx_word' id='word_1_315' title='bbox 1680 2327 1681 2330; x_wconf 73' lang='grc'>,</span> <span class='ocrx_word' id='word_1_316' title='bbox 1701 2308 1705 2344; x_wconf 64' lang='lat' dir='ltr'>j</span> 
     </span>
    </p>
   </div>
   <div class='ocr_carea' id='block_1_9' title="bbox 294 2338 1705 2426">
    <p class='ocr_par' dir='ltr' id='par_1_14' title="bbox 294 2338 1705 2426">
     <span class='ocr_line' id='line_1_36' title="bbox 294 2338 1705 2381; baseline 0.002 -10"><span class='ocrx_word' id='word_1_317' title='bbox 294 2351 346 2380; x_wconf 83' lang='lat'>37.</span> <span class='ocrx_word' id='word_1_318' title='bbox 370 2350 420 2379; x_wconf 85' lang='lat'>15.</span> <span class='ocrx_word' id='word_1_319' title='bbox 441 2351 457 2380; x_wconf 92' lang='lat'><strong>7</strong></span> <span class='ocrx_word' id='word_1_320' title='bbox 476 2345 504 2371; x_wconf 85' lang='lat' dir='ltr'>et</span> <span class='ocrx_word' id='word_1_321' title='bbox 518 2352 570 2381; x_wconf 85' lang='lat'>34.</span> <span class='ocrx_word' id='word_1_322' title='bbox 588 2343 619 2373; x_wconf 87' lang='lat'>6.</span> <span class='ocrx_word' id='word_1_323' title='bbox 639 2343 660 2372; x_wconf 92' lang='lat'><strong>6</strong></span> <span class='ocrx_word' id='word_1_324' title='bbox 677 2341 735 2371; x_wconf 79' lang='lat' dir='ltr'>nbi</span> <span class='ocrx_word' id='word_1_325' title='bbox 747 2340 831 2370; x_wconf 72' lang='lat' dir='ltr'>nihil</span> <span class='ocrx_word' id='word_1_326' title='bbox 843 2339 891 2371; x_wconf 86' lang='lat' dir='ltr'>ad</span> <span class='ocrx_word' id='word_1_327' title='bbox 904 2350 972 2371; x_wconf 80' lang='lat' dir='ltr'>rem</span> <span class='ocrx_word' id='word_1_328' title='bbox 991 2341 1189 2381; x_wconf 68' lang='lat' dir='ltr'>reperimus:</span> <span class='ocrx_word' id='word_1_329' title='bbox 1215 2340 1304 2372; x_wconf 88' lang='lat' dir='ltr'>inter</span> <span class='ocrx_word' id='word_1_330' title='bbox 1319 2342 1339 2373; x_wconf 78' lang='lat'>1.</span> <span class='ocrx_word' id='word_1_331' title='bbox 1359 2341 1467 2374; x_wconf 83' lang='lat' dir='ltr'>aciem</span> <span class='ocrx_word' id='word_1_332' title='bbox 1485 2341 1587 2374; x_wconf 79' lang='lat' dir='ltr'>Gmn.</span> <span class='ocrx_word' id='word_1_333' title='bbox 1680 2338 1705 2381; x_wconf 41' lang='grc' dir='ltr'>,ἔ</span> 
     </span>
     <span class='ocr_line' id='line_1_37' title="bbox 295 2383 1704 2426; baseline 0.002 -12"><span class='ocrx_word' id='word_1_334' title='bbox 295 2384 381 2414; x_wconf 85' lang='lat' dir='ltr'>tradi</span> <span class='ocrx_word' id='word_1_335' title='bbox 401 2383 829 2425; x_wconf 72' lang='lat' dir='ltr'><em>MPFUpBOEHTDLA</em></span> <span class='ocrx_word' id='word_1_336' title='bbox 847 2397 852 2416; x_wconf 89' lang='lat'>:</span> <span class='ocrx_word' id='word_1_337' title='bbox 878 2384 965 2415; x_wconf 86' lang='lat' dir='ltr'>trudi</span> <span class='ocrx_word' id='word_1_338' title='bbox 988 2383 1047 2416; x_wconf 80' lang='lat' dir='ltr'>det.</span> <span class='ocrx_word' id='word_1_339' title='bbox 1069 2394 1159 2415; x_wconf 84' lang='lat' dir='ltr'>unus</span> <span class='ocrx_word' id='word_1_340' title='bbox 1183 2383 1277 2423; x_wconf 80' lang='lat' dir='ltr'>(Lov.</span> <span class='ocrx_word' id='word_1_341' title='bbox 1297 2386 1346 2426; x_wconf 86' lang='grc'>4),</span> <span class='ocrx_word' id='word_1_342' title='bbox 1363 2384 1451 2417; x_wconf 76' lang='lat' dir='ltr'>unde</span> <span class='ocrx_word' id='word_1_343' title='bbox 1467 2395 1533 2418; x_wconf 90' lang='lat' dir='ltr'>non</span> <span class='ocrx_word' id='word_1_344' title='bbox 1553 2385 1587 2417; x_wconf 86' lang='lat' dir='ltr'>in</span> <span class='ocrx_word' id='word_1_345' title='bbox 1611 2384 1633 2417; x_wconf 78' lang='lat' dir='ltr'>f.</span> <span class='ocrx_word' id='word_1_346' title='bbox 1681 2403 1685 2422; x_wconf 41' lang='grc' dir='ltr'>ῃ</span> <span class='ocrx_word' id='word_1_347' title='bbox 1703 2386 1704 2389; x_wconf 69' lang='grc'>’</span> 
     </span>
    </p>
   </div>
   <div class='ocr_carea' id='block_1_10' title="bbox 294 2427 1703 2476">
    <p class='ocr_par' dir='ltr' id='par_1_15' title="bbox 294 2427 1703 2476">
     <span class='ocr_line' id='line_1_38' title="bbox 294 2427 1703 2476; baseline 0.001 -18"><span class='ocrx_word' id='word_1_348' title='bbox 294 2427 403 2458; x_wconf 84' lang='lat' dir='ltr'>aciem</span> <span class='ocrx_word' id='word_1_349' title='bbox 429 2428 518 2459; x_wconf 86' lang='lat' dir='ltr'>trudi</span> <span class='ocrx_word' id='word_1_350' title='bbox 542 2428 669 2468; x_wconf 62' lang='lat' dir='ltr'>Madv„</span> <span class='ocrx_word' id='word_1_351' title='bbox 697 2427 836 2459; x_wconf 79' lang='lat' dir='ltr'>Harant</span> <span class='ocrx_word' id='word_1_352' title='bbox 860 2427 967 2468; x_wconf 82' lang='lat' dir='ltr'>(quod</span> <span class='ocrx_word' id='word_1_353' title='bbox 985 2427 1110 2468; x_wconf 72' lang='lat' dir='ltr'>siquis</span> <span class='ocrx_word' id='word_1_354' title='bbox 1129 2427 1252 2469; x_wconf 80' lang='lat' dir='ltr'>probet,</span> <span class='ocrx_word' id='word_1_355' title='bbox 1276 2429 1337 2460; x_wconf 83' lang='lat' dir='ltr'>sed</span> <span class='ocrx_word' id='word_1_356' title='bbox 1357 2434 1421 2470; x_wconf 80' lang='lat' dir='ltr'>pro</span> <span class='ocrx_word' id='word_1_357' title='bbox 1444 2434 1478 2462; x_wconf 87' lang='lat' dir='ltr'>et</span> <span class='ocrx_word' id='word_1_358' title='bbox 1504 2428 1638 2461; x_wconf 68' lang='lat' dir='ltr'>scribere</span> <span class='ocrx_word' id='word_1_359' title='bbox 1680 2448 1703 2476; x_wconf 68' lang='lat'>&#39;.·.</span> 
     </span>
    </p>
   </div>
   <div class='ocr_carea' id='block_1_11' title="bbox 295 2471 479 2502">
    <p class='ocr_par' dir='ltr' id='par_1_16' title="bbox 295 2471 479 2502">
     <span class='ocr_line' id='line_1_39' title="bbox 295 2471 479 2502; baseline 0 0"><span class='ocrx_word' id='word_1_360' title='bbox 295 2471 423 2502; x_wconf 66' lang='lat' dir='ltr'>{ulnam</span> <span class='ocrx_word' id='word_1_361' title='bbox 430 2473 479 2502; x_wconf 75' lang='lat' dir='ltr'>tts&#39;</span> 
     </span>
    </p>
   </div>
   <div class='ocr_carea' id='block_1_12' title="bbox 1655 0 1722 2748">
    <p class='ocr_par' dir='ltr' id='par_1_17' title="bbox 1655 0 1722 2748">
     <span class='ocr_line' id='line_1_40' title="bbox 1655 0 1722 2748; baseline 0 0"><span class='ocrx_word' id='word_1_362' title='bbox 1655 0 1722 2748; x_wconf 95' lang='lat' dir='ltr'> </span> 
     </span>
    </p>
   </div>
  </div>
 </body>
</html>
