1722 2748
188 124 244 162 w
273 133 323 172 27
346 141 364 172 3
813 128 932 166 TITI
967 129 1083 167 L1v1

271 237 350 276 fide
395 236 518 288 magis
561 250 682 289 quam
722 239 880 278 fortuna
919 237 1154 279 debentium
1193 239 1371 280 laborare
1413 237 1612 280 creditum

231 321 249 350 4
272 302 396 343 uideri
417 303 665 354 expediebat.
717 304 849 345 Creati
875 319 1059 345 censores
1081 307 1126 346 C.
1148 305 1345 357 Sulpicius
1375 303 1614 347 Camerinus

270 370 335 420 Sp.
361 368 587 408 Postumius
612 369 858 421 Regillensis,
874 379 1096 422 coeptaque
1112 370 1190 410 iam
1204 385 1264 411 res
1278 378 1406 411 morte
1419 369 1611 419 Postumi,

270 433 363 484 quia
394 435 586 485 collegam
623 435 748 474 suffici
783 437 939 475 censori
968 435 1105 487 religio
1134 444 1227 484 erat,
1259 436 1507 487 interpellata
1539 442 1611 476 est.

229 509 246 540 5
271 499 395 551 Igitur
414 514 506 539 curn
528 500 726 552 Sulpicius
747 500 973 542 abdicasset
1000 515 1042 542 se
1070 502 1309 554 magistratu,
1331 515 1518 544 censores
1546 502 1612 543 alii

269 564 366 605 uitio
387 565 507 606 creati
529 580 610 605 non
630 575 836 617 gesserunt
858 562 1129 618 magistratum
1147 582 1158 617 3
1192 569 1327 608 tertios
1353 570 1476 608 creari
1502 569 1614 609 uelut

268 630 330 671 dis
351 645 432 672 non
453 632 743 684 accipientibus
774 632 813 672 in
843 647 935 673 eum
965 647 1113 673 annum
1145 647 1352 674 censuram
1384 633 1610 686 religiosum

226 702 247 734 6
268 696 351 736 fuit.
422 699 522 736 Eam
563 711 658 737 uero
698 697 1013 738 ludificationem
1053 698 1180 750 plebis
1219 698 1368 739 tribuni
1408 700 1610 740 ferendam

269 763 491 814 negabant:
534 765 667 815 fugere
706 771 886 803 senatum
924 772 1056 815 testes·
1075 764 1228 804 tabulas
1258 764 1438 816 publicas
1467 778 1612 806 census

268 828 473 880 cuiusque,
496 829 590 880 quia
625 829 753 869 nolint
782 829 960 881 conspici
995 820 1192 870 summam
1223 829 1324 871 aeris
1356 831 1486 880 alieni,
1509 845 1614 883 quae

268 894 489 934 indicatura
502 895 551 935 sit
565 897 788 936 demersam
811 903 963 948 partem
983 904 1136 948 aparte
1150 895 1331 947 ciuitatis,
1346 896 1610 939 cuminterim

229 972 245 1004 7
268 960 495 1000 obaeratam
510 961 670 1018 plebem
687 961 876 1001 obiectari
893 961 980 1002 aliis
995 970 1116 1014 atque
1128 962 1213 1002 aliis
1234 963 1415 1004 hostibus
1431 978 1443 1014 ς
1461 963 1610 1016 passim

269 1028 345 1066 iam
377 1029 461 1068 sine
490 1029 572 1068 ullo
601 1029 830 1069 discrimine
862 1031 963 1069 bella
994 1029 1154 1081 quaeri:
1183 1030 1234 1070 ab
1256 1030 1380 1070 Antio
1400 1030 1608 1079 Satricum,

267 1093 318 1132 ab
340 1095 490 1134 Satrico
511 1097 694 1144 Velitras,
716 1096 810 1136 inde
830 1097 1051 1135 Tusculum
1074 1096 1249 1148 legiones
1269 1098 1411 1137 ductas
1428 1111 1436 1144 ;
1459 1097 1610 1137 latinis

270 1159 454 1199 Hernicis
475 1161 736 1201 Praenestinis
751 1161 829 1201 iarn
852 1162 1036 1201 intentari
1057 1175 1166 1203 arma
1179 1161 1328 1202 ciuium
1345 1164 1469 1214 magis
1489 1175 1610 1214 quam

267 1225 439 1264 hostium
468 1226 574 1274 odio,
598 1234 640 1266 ut
671 1228 710 1266 in
740 1230 858 1266 armis
892 1236 1018 1267 terant
1052 1229 1209 1279 plebem
1243 1241 1318 1268 nec
1351 1227 1542 1279 respirare
1571 1228 1610 1267 in

266 1291 363 1330 urbe
382 1300 449 1330 aut
470 1305 538 1343 per
551 1292 677 1331 otium
699 1293 890 1333 libertatis
914 1293 1142 1334 meminisse
1157 1295 1287 1333 sinant
1306 1302 1375 1334 aut
1394 1295 1611 1335 consistere

265 1355 305 1395 in
333 1357 530 1406 contione,
564 1358 632 1398 ubi
658 1359 877 1410 aliquando
908 1360 1074 1399 audiant
1106 1374 1246 1399 uocem
1278 1359 1530 1400 tribuniciam
1559 1361 1610 1400 de

226 1431 245 1461 8
266 1424 438 1463 leuando
459 1425 594 1463 fenore
614 1432 652 1463 et
674 1426 794 1464 finem
816 1425 980 1465 aliarum
1005 1425 1234 1465 iniuriarum
1253 1424 1448 1478 agentem.
1499 1427 1610 1478 quod

264 1488 296 1527 si
318 1490 366 1528 sit
386 1490 542 1529 animus
569 1490 675 1541 plebi
705 1505 858 1531 memor
888 1500 1043 1543 patrum
1076 1491 1278 1542 libertatis,
1302 1505 1344 1532 se
1372 1505 1448 1532 nec
1476 1491 1610 1532 addici

264 1568 506 1606 quemquam
528 1557 658 1595 ciuem
678 1558 908 1597 Romanum
926 1558 980 1598 ob
993 1558 1182 1599 creditam
1201 1558 1411 1610 pecuniam
1425 1571 1609 1610 passuros

264 1634 395 1671 neque
416 1621 606 1661 dilectum
630 1622 778 1671 haberi,
802 1626 934 1664 donec
955 1624 1136 1677 inspecto
1155 1638 1245 1664 aere
1269 1624 1402 1665 alieno
1429 1623 1607 1677 initaque

264 1687 415 1726 ratione
452 1687 659 1728 minuendi
690 1689 774 1728 eius
811 1690 907 1730 sciat
940 1705 1042 1730 unus
1072 1691 1240 1742 quisque
1273 1689 1371 1742 quid
1400 1689 1472 1738 sui,
1509 1690 1607 1743 quid

263 1748 381 1790 alieni
409 1752 469 1801 sit,
493 1755 661 1804 supersit
689 1754 764 1794 sibi
796 1756 971 1796 liberum
994 1769 1137 1808 corpus
1161 1769 1213 1795 an
1235 1745 1281 1796 id'
1296 1768 1461 1807 quoque
1481 1769 1607 1796 neruo

264 1817 468 1856 debeatur.

222 1891 241 1922 9
320 1884 476 1923 Merces
498 1885 706 1925 seditionis
731 1888 934 1938 proposita
964 1889 1174 1927 confestim
1205 1886 1444 1928 seditionem
1465 1886 1606 1928 excita-

305 2010 324 2038 3
349 2000 516 2031 creditum
534 2000 679 2032 MOEH
684 2001 811 2034 TDLA
826 2014 833 2034 τ
857 2003 1069 2036 credentium
1088 2003 1152 2035 PF
1151 2003 1236 2045 UpB
1366 2014 1386 2044 5
1411 2005 1530 2037 tertios
1547 2003 1612 2036 PF

265 2042 458 2083 UpBOEH
463 2044 590 2075 TDLA
610 2057 617 2076 :
642 2047 743 2078 tertio
760 2046 848 2078 MA2
981 2049 1003 2079 6
1025 2053 1125 2089 atque
1141 2048 1183 2079 M
1186 2048 1198 2068 ²
1215 2047 1269 2080 uel
1279 2047 1321 2079 M
1326 2046 1404 2079 ¹PF
1402 2048 1605 2090 UpBOET‘

263 2086 362 2118 DLA
380 2098 387 2118 z
413 2093 514 2128 atque
532 2100 598 2129 que
616 2089 677 2121 M:
702 2096 756 2131 atq
774 2102 860 2131 quae
876 2090 936 2123 H:
960 2092 1002 2123 ad
1020 2102 1119 2132 quarn
1137 2102 1223 2133 quae
1245 2091 1276 2123 T
1427 2103 1444 2133 7
1463 2092 1606 2126 tribuni-

262 2131 346 2162 ciam
364 2131 406 2162 de
425 2132 568 2164 leuando
586 2133 994 2175 ΜΡΑΨΠρΒΟΕΤΨθΑ2
1013 2136 1064 2176 (cf.
1085 2147 1109 2167 c.
1126 2145 1180 2175 32.
1201 2137 1233 2177 1)
1251 2146 1258 2167 ε
1284 2135 1493 2168 tribuniciam
1512 2137 1605 2169 adle-

262 2175 374 2206 uando
391 2175 424 2205 A
441 2186 448 2206 ε
473 2176 630 2208 tribunici
650 2179 771 2216 ad(uel
785 2179 1003 2215 eil->leuando
1021 2178 1146 2210 HTD?
1157 2179 1196 2219 L,
1215 2190 1361 2221 quorum
1381 2181 1416 2211 in
1435 2180 1604 2222 archetypo

258 2219 493 2258 praepositioni
509 2221 552 2252 de
569 2220 704 2253 uidetur
715 2233 782 2253 esse
798 2223 841 2254 ad
857 2223 1120 2264 suprascripmm
1294 2224 1397 2255 finem
1414 2223 1604 2266 MPFUpB

263 2261 369 2292 OEH
373 2262 403 2293 T
400 2262 502 2293 DLA
518 2274 526 2294 z
552 2264 619 2295 fine
635 2265 681 2296 ed.
695 2265 812 2298 Parm.
837 2268 931 2306 1480,
950 2267 1063 2299 Aldus
1079 2266 1165 2299 Edd.
1186 2277 1243 2299 rec.
1261 2278 1269 2307 ;
1295 2267 1346 2308 (cst
1368 2267 1440 2300 Tac.
1459 2267 1549 2300 Htst.
1569 2277 1600 2301 2.

261 2308 304 2336 26
322 2317 423 2346 agere
441 2307 535 2338 fratri
556 2309 782 2348 proditionem
799 2321 808 2349 ;
830 2314 862 2341 et
873 2310 906 2342 id
922 2321 1034 2350 agere,
1051 2311 1143 2342 aliud
1160 2313 1276 2352 agere)
1291 2322 1299 2350 ;
1325 2312 1413 2343 utin
1431 2322 1464 2343 re
1478 2312 1602 2344 incerta

261 2349 346 2380 niln'l
360 2354 537 2381 mutamus
