1722 2748
218 119 303 157 VII
324 128 380 166 42
403 133 421 165 3
533 120 654 158 TITI
687 120 806 158 LIVI
838 121 909 158 AB
941 121 1093 158 VRBE
1125 120 1384 160 CONDITA

300 236 517 280 antequam
541 230 712 268 Romam
735 228 935 269 ueniretur
955 230 1025 269 sed
1055 231 1210 269 Romae
1235 242 1324 270 eam
1345 229 1641 270 multitudinem

261 311 281 342 4
300 294 598 334 coniuratorum
618 296 671 335 ad
690 309 800 335 arma
819 302 1115 335 consternatam
1136 308 1223 335 esse
1250 309 1324 334 nec
1345 294 1385 334 in
1405 298 1454 334 T.
1477 294 1644 345 Quincti

301 360 435 400 uillam
463 361 534 400 sed
560 360 601 399 in
629 362 749 401 aedes
769 360 817 402 C.
840 359 969 400 Manli
993 368 1112 400 nocte
1139 360 1332 412 impetum
1357 362 1505 401 sactum
1536 375 1644 400 eum-

301 441 380 479 que
399 441 423 467 a
442 428 656 467 coniuratis
677 429 1010 479 comprehensum
1033 435 1076 466 ut
1095 428 1177 467 dux
1197 424 1325 477 fieret3
1353 428 1448 467 inde
1460 428 1512 467 ad
1532 434 1655 479 quar?

262 503 280 535 5
302 501 385 532 tum
426 493 598 544 lapidem
638 494 836 544 profectos
876 494 967 532 loco
1005 492 1161 532 munito
1192 493 1422 533 consedisse
1439 508 1450 543 3
1483 506 1559 532 nec
1593 493 1644 532 ab

302 552 473 599 ducibu‘s
494 560 739 598 mentionem
761 559 1000 598 concordiae
1027 565 1155 598 ortam
1185 560 1256 598 sed
1286 567 1458 610 repente,
1482 572 1572 598 cum
1605 560 1645 598 in

263 632 282 663 6
302 627 428 665 aciem
449 625 587 664 armati
610 625 801 665 exercitus
822 624 1118 676 processissent,
1140 625 1419 664 salutationem
1441 626 1584 664 factam
1606 632 1646 664 et

303 690 517 741 permixtos
538 691 693 730 dextras
714 691 875 742 iungere
895 704 942 730 ac
963 689 1175 741 complecti
1202 689 1303 730 inter
1329 704 1371 730 se
1395 689 1645 730 lacrimantes

304 755 448 795 milites
469 755 648 807 coepisse
678 763 920 807 coactosque
941 756 1142 803 consules,
1161 769 1254 797 cum
1275 755 1458 795 uiderent
1483 769 1644 796 auersos

302 834 326 860 a
344 820 603 861 dimicatione
631 820 802 860 militum
830 821 998 870 animos,
1020 820 1217 861 rettulisse
1244 821 1295 860 ad
1325 829 1456 872 patres
1475 822 1528 861 de
1553 835 1645 861 con-

233 930 235 933 ,
265 887 439 931 reordia
466 886 769 927 reconcilianda.
830 888 947 927 Adeo
970 887 1069 926 nihil
1101 894 1375 938 praeterquam
1406 886 1644 927 seditionem

303 952 423 992 fuisse
454 938 624 1003 eamque
657 951 921 1004 compositam
950 952 1051 992 inter
1084 951 1271 1003 antiquos
1302 965 1433 992 rerum
1464 960 1644 992 auctores

303 1017 469 1059 constat.

263 1096 281 1126 S
359 1086 411 1124 Et
432 1084 548 1124 huius
572 1085 677 1124 fama
700 1083 906 1124 seditionis
939 1092 978 1123 et
1013 1091 1243 1135 susceptum
1274 1097 1368 1123 cum
1398 1082 1644 1124 Samnitibus

301 1165 420 1202 graue
441 1151 589 1191 bellum
610 1151 761 1202 aliquot
786 1152 955 1202 populos
982 1151 1034 1190 ab
1063 1152 1249 1190 Romana
1279 1149 1469 1190 societate
1489 1149 1642 1197 auertit,

302 1223 340 1256 et
374 1224 528 1267 praeter
559 1215 791 1256 Latinorum
816 1217 985 1255 infidum
1017 1217 1095 1255 iam
1125 1216 1196 1256 diu
1223 1217 1365 1256 foedus
1396 1217 1644 1256 Priuernates

302 1280 421 1321 etiam
454 1282 633 1321 Norbani
665 1289 785 1333 atque
812 1281 971 1331 Setiam,
995 1281 1183 1331 finitimas
1218 1282 1396 1322 colonias
1425 1284 1641 1330 Romanas,

303 1348 528 1388 incursione
547 1347 679 1387 subita
699 1347 930 1399 depopulati
952 1356 1053 1388 sunt

346 1462 364 1492 4
391 1452 495 1484 Manli
513 1453 661 1491 (manlii)
677 1453 749 1486 dett.
768 1454 845 1495 aliq.
852 1453 964 1490 Edd.
980 1457 1062 1487 uet.:
1086 1454 1201 1486 manili
1220 1454 1484 1495 MPFHTD<ut
1497 1453 1641 1492 nudetur)

303 1496 389 1528 LA.
407 1497 534 1528 manilii
557 1497 621 1538 Up²¹
626 1497 679 1529 O:
697 1498 800 1529 mallii
823 1497 894 1538 Up:
928 1499 1016 1530 malli
1035 1498 1083 1529 D³
1229 1500 1250 1530 8
1275 1499 1425 1530 Norbam
1442 1497 1493 1529 A2
1511 1498 1566 1530 uel
1580 1494 1641 1538 A⁴,

305 1540 384 1572 Lov.
403 1551 445 1580 4·
437 1565 445 1572 .
471 1542 576 1572 nonbe
593 1541 660 1572 F3·
653 1566 660 1573 .
695 1542 801 1574 norbe
818 1541 905 1573 FH:
932 1543 1036 1585 norbe
1060 1543 1220 1575 ΜΡΟΤ·
1243 1543 1370 1575 norbae
1387 1542 1456 1584 Up:
1477 1543 1560 1574 orbe
1577 1522 1642 1573 LA

369 1584 496 1617 Setiam
521 1585 674 1618 P2FOH
677 1585 707 1616 T
714 1598 721 1618 :
746 1586 874 1617 sediam
899 1585 958 1617 M:
991 1587 1052 1618 sed
1071 1586 1135 1618 iam
1158 1587 1213 1618 P·
1206 1611 1213 1618 .
1236 1587 1381 1618 setinam
1410 1586 1484 1628 Up·
1476 1610 1484 1618 .
1508 1586 1643 1618 settiam

302 1628 351 1658 Α2
368 1629 422 1659 uel
437 1628 487 1659 A*
502 1629 537 1660 in
556 1640 620 1661 ras.
638 1641 645 1660 z
670 1630 731 1661 sed
748 1630 851 1661 etiam
871 1630 920 1661 L:
944 1631 1064 1662 setiam
1085 1632 1294 1671 noi-bamque
1310 1630 1359 1661 D³
1377 1631 1411 1662 r'n
1429 1640 1494 1663 ras.
1591 1644 1595 1650 ¹

345 1672 626 1714 subscriptiones:
650 1674 829 1705 emendaui
848 1674 1066 1706 nicomachus
1084 1674 1194 1706 lauiafi
1219 1675 1270 1706 titi
1287 1674 1344 1706 Iiui
1370 1679 1423 1706 ter
1446 1674 1550 1715 praef.
1568 1674 1641 1706 urb.

302 1717 392 1757 apud
423 1717 572 1749 hennam
603 1718 645 1749 ab
676 1719 761 1750 urbe
793 1719 950 1750 conditor
983 1718 1148 1751 uictoriafi
1178 1719 1231 1750 ιιι-ο
1258 1718 1480 1751 emendabam
1507 1718 1645 1752 domnis

302 1761 508 1801 symmachis
527 1762 582 1793 lib.
599 1761 663 1793 VII
682 1763 830 1803 explicit.
851 1762 971 1802 incipit
987 1762 1041 1794 lib.
1060 1761 1142 1795 VIII
1163 1762 1304 1794 feliciter
1319 1762 1362 1803 M

347 1806 372 1842 μ
390 1806 509 1837 dabam
542 1806 674 1837 domnis
703 1807 875 1839 simachus
908 1807 1089 1838 emendaui
1122 1806 1376 1839 nichomachus.
1401 1806 1566 1838 ssauianus
1590 1803 1644 1837 ter

304 1851 383 1889 pres
396 1849 497 1881 urbis.
517 1850 606 1890 apud
625 1851 746 1882 henna.
765 1850 966 1890 Victorian;
990 1861 1030 1882 uc
1047 1861 1101 1881 em
1120 1848 1160 1880 H

345 1894 523 1936 emendaui
547 1894 792 1926 nichomachus
813 1894 1005 1925 Flauianus.
1040 1893 1106 1925 Titi
1130 1894 1210 1925 liuii.
1235 1895 1286 1925 ter
1309 1893 1415 1927 Praef.
1441 1893 1534 1925 urbis
1552 1893 1642 1934 apud

303 1938 449 1969 hennam
474 1938 517 1969 ab
543 1935 626 1970 urbe
653 1939 791 1970 condita
817 1938 1035 1970 Victorianus
1067 1937 1126 1969 VC
1157 1937 1230 1977 (sed
1257 1940 1319 1971 νὀἳ
1346 1938 1394 1974 [Α
1422 1937 1643 1970 emendabam

303 1982 436 2013 domnis
452 1982 659 2022 symmachis
678 1981 751 2024 (sed
763 1982 938 2024 ‚symachis
954 1981 1053 2021 DA).
1102 1981 1248 2022 Explicit
1267 1982 1324 2014 lib.
1341 1981 1408 2013 VII
1424 1981 1543 2022 incipit
1559 1981 1645 2012 liber

302 2025 384 2056 VIII
403 2025 504 2056 DLA
525 2027 656 2067 (omm‘a
674 2027 708 2058 in
724 2027 818 2068 capit.
836 2026 895 2058 litt.
914 2024 1015 2057 DLA
1033 2028 1062 2056 et
1083 2025 1248 2057 rubricata
1264 2025 1298 2056 A
1310 2036 1322 2064 ,·
1345 2025 1404 2057 sed
1421 2025 1561 2066 explicit
1585 2024 1642 2056 lib.

302 2069 366 2100 Vll
384 2069 432 2100 ad
443 2070 515 2102 init.
535 2071 645 2102 scribit
660 2071 704 2112 L)

346 2113 411 2144 Titi
429 2114 499 2145 Iiuii
518 2115 560 2146 ab
582 2115 665 2146 urbe
690 2113 827 2146 condita
849 2112 934 2144 liber
945 2112 1014 2146 ,VII
1039 2112 1191 2154 explicit,
1216 2112 1336 2153 incipit
1359 2113 1447 2145 liber
1468 2111 1550 2144 VIII
1578 2110 1645 2150 <uel
1690 2145 1694 2149 .

315 2157 458 2199 similia)
476 2158 630 2200 PFUpT

346 2201 485 2241 explicit
504 2202 588 2233 liber
605 2201 670 2232 VII
691 2201 810 2242 incipit
828 2200 911 2232 liber
927 2199 1010 2231 VIII
1031 2200 1061 2231 O
