1722 2748
462 126 533 162 AB
564 125 713 162 VRBE
745 125 1003 164 CONDITA
1308 126 1347 163 X
1367 132 1417 173 37
1440 133 1457 163 8

84 233 248 274 Samnio
291 240 412 285 atque
456 234 612 273 Etruria
656 233 841 282 subactis,
883 234 1048 274 uictoria
1089 242 1128 275 et
1171 247 1270 286 pace
1308 242 1418 286 parta

82 299 362 351 triumphabo.'
420 301 480 339 Ita
519 307 700 339 senatum
739 300 905 351 reliquit.
967 302 1069 340 Inde
1103 301 1204 341 inter
1237 300 1417 341 tribunos
1440 316 1460 348 9

82 365 210 417 plebis
240 365 445 405 contentio
474 373 582 414 orta,·
610 379 698 417 pars
719 365 1000 406 intercessuros
1029 381 1078 406 ne
1106 381 1213 406 nouo
1234 369 1418 419 exemplo

82 431 341 483 triumpharet
369 431 510 479 aiebat,
533 445 621 483 pars
641 431 786 471 auxilio
814 446 856 471 se
882 434 1073 472 aduersus
1094 435 1264 484 collegas
1285 435 1417 472 trium-

81 498 219 548 phanti
239 499 402 537 futuros.
455 499 606 536 Iactata
635 511 695 537 res
724 499 775 537 ad
806 500 999 549 populum
1021 506 1079 539 est
1100 507 1347 550 uocatusque
1367 512 1417 539 eo
1445 517 1480 539 ιο

80 564 220 602 consul
234 577 326 602 cum
342 565 399 602 M.
417 563 629 603 Horatium
650 565 691 602 L.
715 564 917 603 Valerium
939 567 1133 614 consules,
1151 566 1194 605 C.
1219 565 1415 604 Marcium

80 629 277 667 Rutulum
297 642 433 680 nuper,
456 636 606 680 patrem
627 629 711 668 eius
745 630 813 680 qui
841 638 936 669 tunc
962 644 1102 670 censor
1122 638 1235 678 esset,
1259 644 1339 670 non
1369 645 1417 670 ex

78 694 313 734 auctoritate
346 702 506 735 senatus
537 696 608 734 sed
639 695 747 734 iussu
782 696 919 747 populi
953 696 1218 748 triumphasse
1253 696 1413 744 diceret,

78 759 279 799 adiciebat
308 774 351 800 se
379 773 540 812 quoque
569 762 739 799 laturum
770 761 889 800 fuisse
913 763 964 802 ad
990 764 1195 813 populum,
1229 763 1269 801 ni
1301 762 1416 801 sciret
1443 779 1477 802 11

79 838 118 863 m
174 826 208 863 ci
241 825 278 864 ia
320 825 526 873 nobilium,
558 825 738 866 tribunos
779 827 917 878 plebis,
950 829 1077 879 legem
1126 827 1387 883 impedituros
1406 843 1417 876 3

78 904 132 929 uo
149 898 327 931 untatem
354 891 429 930 sibi
458 905 505 931 ac
531 892 712 932 fauorem
735 892 1019 933 consentientis
1042 893 1179 944 populi
1201 907 1272 945 pro
1293 892 1417 933 onini—

78 955 152 994 bus
173 955 288 995 iussis
308 969 395 996 esse
409 969 456 995 ac
476 957 604 995 futura
617 970 628 1004 3
657 964 898 1008 posteroque
921 958 986 998 die
1001 958 1147 998 auxilio
1168 959 1414 998 tribunorum
1442 975 1475 997 12

77 1021 206 1071 plebis
226 1020 343 1060 trium
363 1022 553 1060 aduersus
574 1021 899 1062 intercessionem
924 1031 1077 1074 septem
1099 1024 1347 1064 tribunorum
1377 1031 1416 1063 et

77 1099 318 1126 consensum
339 1093 498 1126 senatus
519 1086 745 1126 celebrante
768 1090 918 1139 populo
940 1088 1046 1127 diem
1067 1089 1336 1141 triumphauit.

95 1152 99 1156 “
132 1153 184 1191 Et
201 1151 316 1191 huius
336 1151 430 1191 anni
451 1165 588 1203 parum
612 1159 799 1192 constans
822 1153 1013 1192 memoria
1034 1162 1102 1194 est.
1164 1155 1413 1194 Postumium
1437 1173 1476 1206 13

4 1203 11 1254 ⁴s
75 1225 213 1257 auctor
246 1225 306 1257 est
337 1217 528 1258 Claudius
562 1218 604 1257 in
639 1218 803 1258 Samnio
837 1219 961 1270 captis
992 1220 1143 1271 aliquot
1176 1221 1340 1260 urbibus
1374 1221 1415 1260 in

6 1283 7 1286 ’
74 1282 222 1334 Apulia
241 1284 372 1322 fusum
393 1284 650 1335 fugatumque
673 1283 850 1323 saucium
872 1284 1000 1335 ipsum
1023 1299 1113 1325 cum
1137 1286 1271 1337 paucis
1294 1288 1416 1327 Luce-

75 1348 172 1387 riam
202 1349 478 1399 compulsum:
507 1349 560 1387 ab
586 1348 709 1388 Atilio
740 1350 780 1387 in
812 1349 967 1388 Etruria
996 1364 1061 1398 res*
1084 1359 1213 1401 gestas
1242 1365 1416 1403 eumque

75 1415 349 1467 triumphasse.
402 1415 548 1455 Fabius
569 1415 690 1454 ambo
712 1416 896 1454 consules
917 1414 956 1454 in
978 1416 1141 1456 Samnio
1162 1424 1200 1456 et
1219 1418 1272 1457 ad
1294 1418 1416 1456 Luce·
1438 1437 1476 1470 14

74 1483 172 1521 riam
188 1495 249 1522 res
264 1481 431 1533 gessisse
445 1480 580 1521 scribit
598 1480 903 1530 traductumque
925 1479 966 1518 in
984 1481 1179 1520 Etruriam
1201 1482 1415 1521 exercitum

75 1550 200 1589 -sed
219 1550 271 1588 ab
285 1557 372 1589 utro
385 1551 548 1589 consule
563 1561 644 1587 non
668 1545 908 1585 adiecit—et
924 1547 976 1585 ad
994 1546 1200 1586 Luceriam
1217 1547 1415 1599 utrimque

75 1615 221 1654 multos
241 1615 395 1655 occisos
414 1615 534 1666 inque
556 1627 603 1654 ea
623 1626 756 1665 pugna
780 1612 889 1650 Iouis
919 1612 1082 1652 Statoris
1102 1614 1243 1653 aedem
1265 1621 1412 1662 uotam,
1439 1628 1473 1662 ¹5

74 1686 118 1719 ut
148 1681 344 1720 Romulus
373 1687 465 1720 ante
494 1686 685 1726 uouerat3
716 1678 787 1717 sed
818 1678 952 1716 sanum
975 1685 1142 1726 tantum,
1165 1678 1205 1718 id
1225 1686 1285 1719 est
1306 1681 1414 1720 locus

117 1797 139 1827 9
162 1787 274 1819 aiebat
304 1787 532 1828 MUpTDLA
555 1801 561 1821 :
606 1791 728 1830 agebat
753 1790 811 1822 P:
844 1789 981 1821 aiebant
1008 1786 1055 1818 ed.
1083 1785 1184 1817 Rom.
1219 1787 1301 1826 1469
1366 1788 1368 1790 '

11 1857 13 1862 .
77 1840 118 1862 ιο
143 1830 187 1862 Μ.
214 1830 395 1862 Horatium
423 1833 460 1864 L.
483 1832 667 1865 Glareanus
691 1838 721 1866 et
747 1834 930 1875 Sigonius:
957 1832 995 1865 L.
1025 1830 1203 1862 Horatium
1226 1828 1271 1861 M.
1290 1828 1415 1871 MPUp

80 1873 220 1914 TDLA,
247 1875 283 1915 cf.
301 1873 336 1907 C.
354 1875 382 1907 I.
401 1876 440 1908 L.
462 1875 498 1918 i²‚
511 1882 546 1918 p.
567 1888 606 1916 44
625 1888 656 1909 a.
675 1889 706 1909 u.
723 1888 747 1910 c.
767 1888 832 1918 305
1013 1873 1177 1905 Rutulum
1195 1873 1280 1905 utin
1298 1883 1328 1912 3.
1349 1883 1377 1913 7.
1395 1874 1416 1903 6

72 1920 102 1949 et
129 1928 157 1957 7.
187 1919 240 1957 38.
268 1920 312 1950 8:
337 1919 483 1951 rutilium
509 1919 770 1962 MPUpTDLA
955 1928 1079 1952 censor
1101 1916 1210 1957 esset]
1233 1917 1285 1948 hic
1305 1917 1418 1948 inserit

73 1961 240 1993 adiciebat
257 1986 265 1993 .
287 1987 295 1995 .
315 1986 323 1994 .
344 1963 506 2004 populum
519 1963 559 2002 P,
573 1975 615 1996 sc.
629 1965 718 1996 duas
731 1965 896 2006 archetypi
910 1965 1024 2005 lineas,
1040 1962 1098 1993 litt.
1117 1961 1223 1992 xxxix
1237 1961 1291 1992 uel
1298 1961 1415 1992 xxxvii

75 2005 196 2045 (tribus
211 2005 305 2037 lmeis
321 2017 389 2038 non
406 2031 414 2039 .
433 2031 440 2038 .
458 2031 466 2039 .
487 2007 615 2040 diceret
628 2009 740 2050 primo
755 2009 1024 2050 praetermissis),
1043 2015 1128 2046 quas
1144 2009 1256 2036 tamen
1273 2014 1334 2036 suo
1349 2005 1416 2035 loco

13 2079 15 2081 .
72 2047 190 2080 itemm
202 2049 332 2090 praebet
348 2050 382 2080 P
395 2050 450 2091 (cf
469 2061 529 2091 e.g.
550 2062 581 2091 7.
598 2062 649 2092 27.
670 2063 684 2084 1
702 2052 755 2094 H)
931 2063 965 2084 11
998 2053 1031 2083 ni
1049 2050 1151 2081 sciret
1167 2047 1388 2080 MPTfflLA
1407 2059 1415 2079 t

73 2092 220 2124 nesciret
238 2092 299 2124 D:
322 2104 395 2125 cum
421 2094 523 2126 sciret
550 2095 601 2136 Up
777 2097 943 2137 mancipia
976 2096 1067 2128 TLA
1089 2104 1096 2124 ε
1130 2093 1307 2133 mancupia
1324 2091 1412 2124 MP:

73 2136 263 2176 mconcipia
285 2136 321 2167 D
495 2139 657 2171 nobilium
682 2139 864 2181 MPUpT:
897 2141 1067 2173 mobilium
1095 2137 1198 2169 DLA
1375 2146 1413 2167 ac

73 2179 185 2211 sutura
202 2178 245 2210 M
248 2179 374 2211 TDLA
392 2192 399 2212 :
421 2192 460 2213 ac
476 2182 621 2215 futuram
637 2183 672 2214 P
685 2187 692 2204 ‘
706 2185 846 2224 antiqua
865 2184 951 2216 lectio
964 2184 972 2202 '
987 2184 1051 2217 Gel.
1067 2198 1074 2217 :
1099 2183 1278 2214 affuturam
1298 2179 1350 2221 Up

76 2232 115 2254 12
138 2228 343 2264 posteroque
358 2223 577 2265 PUpTDLA
595 2238 602 2259 :
627 2233 764 2267 postero
783 2228 831 2268 M,
846 2227 886 2269 cfl
903 2239 926 2260 c.
946 2230 999 2266 36.
1019 2239 1057 2261 10
1075 2229 1154 2262 adn.
1318 2234 1355 2263 13
1378 2223 1412 2255 in

72 2265 199 2307 Apulia
219 2265 323 2308 UpA⁰
339 2267 386 2299 ed.
405 2267 485 2301 Par.
507 2279 588 2310 1513
604 2281 611 2301 :
637 2271 669 2309 in
686 2271 848 2312 Apuliam
865 2271 1070 2303 MPTDLA
1252 2282 1291 2312 14
1315 2268 1413 2300 ambo

73 2309 222 2351 MPUp:
246 2311 364 2342 ambos
386 2310 514 2343 TDLA
650 2325 703 2346 res
721 2316 871 2354 gessisse
887 2339 895 2347 .
915 2340 924 2348 .
945 2340 953 2348 .
973 2317 1016 2348 ad
1032 2316 1209 2349 Luceriam
1228 2328 1293 2350 om.
1309 2314 1350 2345 M

14 2343 22 2374 ἓ·
73 2353 198 2385 adiecit
220 2353 439 2395 PUpTDLA
453 2367 460 2388 ε
489 2356 606 2389 adiicit
625 2357 740 2391 Madv.
763 2359 815 2400 (ql
843 2369 870 2391 1.
895 2370 947 2399 41.
978 2370 991 2391 1
1015 2360 1095 2393 adn.
1117 2362 1289 2394 consulens
1313 2360 1413 2391 etiam

15 2427 23 2434 Α,
73 2396 278 2439 Souten'um,
297 2397 402 2432 class.
426 2399 507 2432 Rev.
538 2401 621 2432 xxix
652 2401 782 2444 (1915),
807 2407 842 2444 p.
869 2403 946 2444 218,
969 2407 1001 2435 et
1027 2408 1138 2436 contra
1161 2415 1191 2438 1.
1214 2416 1245 2446 3.
1269 2417 1289 2447 3
1315 2404 1413 2446 adn.)
