1722 2748
0 0 37 155 ξ

0 207 12 231 5,

0 250 17 287 ὃ
51 249 248 298 dedimus,
278 250 476 301 quidquid
517 251 664 289 deinde
698 250 894 301 patiemur
931 248 1110 289 dediticii
1144 250 1262 288 uestri
1303 263 1388 301 pas-

0 288 22 377 ξ
52 315 164 356 suri’.

106 381 188 420 Sub
206 382 303 421 haec
324 383 432 422 dicta
446 394 598 429 omnes,
614 395 755 420 manus
772 383 824 421 ad
844 382 1028 420 consules
1042 381 1264 428 tendentes,
1279 382 1384 431 pleni
1408 389 1425 421 5

51 446 299 486 lacrimarum
336 446 377 486 in
412 446 614 486 uestibulo
648 446 781 486 curiae
812 447 1122 498 procubuerunt.
1181 445 1385 486 Commoti
1407 453 1427 484 6

53 503 181 564 patres
199 514 288 552 uice
305 514 551 553 fortunarum
566 513 840 560 humanarum,
856 513 887 551 si
908 512 974 552 ille
993 519 1229 563 praepotens
1243 511 1387 563 opibus

11 578 19 611 1'
51 579 231 629 populus,
254 580 405 618 luxuria
424 578 690 630 superbiaque
710 580 849 627 clarus,
871 592 894 618 a
914 591 995 629 quo
1019 579 1139 629 paulo
1161 585 1255 618 ante
1282 579 1387 616 auxi-

18 667 21 697 ῥ
51 642 146 681 lium
169 642 324 682 finitimi
344 643 545 695 petissent,
568 644 671 683 adeo
692 643 878 683 infractos
907 651 1057 694 gereret
1087 644 1254 691 animos,
1277 650 1320 682 ut
1344 656 1386 682 se

51 706 135 758 ipse
155 721 305 759 suaque
324 709 460 748 omnia
480 698 686 760 potestatis
701 708 854 748 alienae
873 710 1030 748 faceret.
1068 710 1174 747 Tum
1194 707 1272 746 iam
1288 709 1386 747 fides
1409 719 1426 755 7

50 773 112 823 agi
131 772 217 812 uisa
235 773 392 813 deditos
412 787 494 813 non
517 773 630 825 prodi
647 788 658 822 ;
685 787 760 813 nee
780 775 976 813 facturum
995 787 1124 824 aequa
1149 772 1386 812 Samnitium

22 827 23 830 Ἰ
51 838 242 888 populum
273 839 501 886 censebant,
536 838 569 877 si
597 852 735 889 agrum
774 838 995 889 urbemque
1033 852 1103 889 per
1139 837 1385 877 deditionem

51 903 194 941 factam
227 905 364 954 populi
397 903 574 943 Romani
606 911 892 954 oppugnarent.
954 905 1124 954 Legatos
1156 904 1289 954 itaque
1325 917 1387 943 ex·
1406 915 1425 946 8

51 970 200 1019 templo
235 968 336 1007 mitti
366 971 420 1008 ad
449 969 646 1009 Samnites
676 969 833 1020 placuit.
872 971 990 1008 ‘Data
1017 970 1216 1016 mandata,
1238 976 1282 1008 ut
1305 982 1387 1019 pre-

51 1046 117 1072 ces
138 1034 447 1084 Campanorum,
470 1047 703 1085 responsum
731 1042 892 1072 senatus
924 1033 1120 1073 amicitiae
1150 1033 1386 1073 Samnitium

22 1123 26 1127 -
53 1112 214 1147 memor,
229 1098 476 1138 deditionem
490 1106 693 1150 postremo
708 1100 852 1138 factam
866 1098 1112 1138 Samnitibus
1127 1107 1369 1150 exponerent
1378 1114 1389 1147 3

12 1154 19 1213 f
52 1171 229 1214 peterent
240 1178 313 1216 pro
326 1164 515 1204 societate
528 1164 793 1216 amicitiaque,
812 1172 855 1204 ut
870 1164 1067 1204 dediticiis
1082 1164 1162 1204 suis
1182 1173 1387 1216 parcerent
1406 1181 1426 1214 9

51 1243 182 1281 neque
203 1229 243 1268 in
262 1243 354 1269 eum
381 1244 518 1282 agrum
548 1231 617 1281 qui
651 1230 788 1281 populi
812 1230 987 1269 Romani
1015 1231 1140 1269 factus
1170 1237 1274 1270 esset
1299 1232 1388 1270 hos-

52 1294 134 1334 tilia
161 1308 270 1334 arma
298 1295 485 1335 inferrent
500 1311 510 1345 3
547 1297 579 1334 si
598 1289 749 1335 >leniter
778 1296 936 1346 agendo
966 1309 1104 1346 parum
1138 1297 1384 1347 proficerent,
1411 1316 1450 1338 10

22 1350 25 1351 ⁷
52 1360 332 1400 denuntiarent
351 1360 597 1400 Samnitibus
618 1360 755 1412 populi
778 1362 951 1400 Romani
973 1368 1214 1412 senatusque
1242 1362 1384 1409 uerbis,

52 1433 96 1465 ut
115 1426 255 1477 Capua
274 1426 371 1466 urbe
392 1427 684 1478 Campanoque
704 1440 798 1477 agro
818 1425 1072 1466 abstinerent.
1116 1429 1231 1466 Haec
1251 1427 1387 1478 legatis
1411 1443 1446 1465 11

52 1492 260 1544 agentibus
281 1492 320 1531 in
341 1492 513 1532 concilio
539 1493 779 1533 Samnitium
805 1494 910 1533 adeo
939 1500 1000 1533 est
1028 1493 1210 1532 ferociter
1229 1507 1388 1545 respon-

14 1598 15 1602 ,
53 1572 152 1606 sum,
173 1566 217 1598 ut
236 1572 318 1598 non
339 1560 468 1598 solum
489 1566 669 1610 gesturos
689 1573 732 1599 se
758 1572 844 1598 esse
868 1559 1046 1599 dicerent
1073 1559 1114 1598 id
1138 1560 1287 1598 bellum
1317 1560 1387 1599 sed

0 1618 27 1681 ·=.·⁴
53 1623 300 1675 magistratus
321 1638 457 1664 eorum
479 1638 501 1664 e
520 1624 629 1664 curia
644 1626 788 1676 egressi
802 1625 999 1664 stantibus
1019 1624 1156 1676 legatis
1170 1626 1388 1676 praefectos

53 1689 276 1729 cohortium
307 1698 498 1729 uocarent
524 1689 652 1741 iisque
679 1692 784 1730 clara
813 1704 914 1731 uoce
942 1690 1181 1742 imperarent
1215 1698 1258 1729 ut
1281 1703 1387 1742 prae·
1411 1706 1448 1728 12

11 1752 21 1759 ⁹
53 1755 189 1794 datum
212 1755 252 1795 in
271 1769 408 1806 agrum
430 1756 685 1807 Campanum
706 1758 906 1808 extemplo
926 1755 1279 1808 proficiscerentur.

0 1871 1 1875 Ἰ
109 1823 200 1860 Hac
233 1821 430 1872 legatione
466 1823 639 1861 Romam
677 1823 810 1870 relata,
842 1823 981 1874 positis
1013 1821 1192 1862 omnium
1224 1820 1387 1860 aliarum
1407 1827 1460 1865 32

0 1905 2 1939 ς
54 1899 183 1925 rerum
203 1887 306 1926 curis
332 1895 462 1938 patres
490 1887 687 1927 fetialibus
716 1889 769 1927 ad
799 1901 859 1927 res
890 1889 1126 1939 repetendas
1147 1887 1287 1935 missis,
1310 1888 1389 1926 bel-

0 1956 3 2005 ᾗ
54 1952 184 2002 loque,
202 1951 295 2003 quia
308 1965 389 1991 non
409 1953 678 2000 redderentur,
695 1953 878 1992 sollemni
899 1967 1009 1992 more
1025 1952 1188 2001 indicto,
1206 1953 1388 1991 decreue-

0 2025 3 2080 ᾧ
54 2025 144 2057 runt
163 2025 206 2057 ut
229 2017 357 2068 primo
381 2031 542 2069 quoque
562 2026 741 2070 tempore
761 2020 812 2058 de
839 2032 886 2058 ea
906 2032 946 2058 re
973 2019 1026 2058 ad
1052 2019 1244 2069 populum
1269 2018 1390 2057 ferre-

55 2088 140 2130 tur3
168 2081 357 2133 iussuque
377 2084 512 2134 populi
533 2085 717 2123 consules
736 2084 858 2123 ambo
873 2097 964 2122 cum
981 2083 1139 2122 duobus
1155 2081 1389 2122 exercitibus
1411 2099 1426 2121 2

448 141 519 178 AB
549 141 702 179 VRBE
733 140 993 180 CONDITA
1237 139 1320 176 VII
1342 148 1386 186 31
1406 146 1436 185 4
1470 153 1475 165 -’

98 2188 121 2218 6
142 2197 270 2228 suaque
296 2187 360 2218 PF
360 2187 488 2228 UpOH
494 2187 644 2218 TDLA
676 2198 737 2218 sua
761 2186 802 2217 M
823 2187 887 2228 (ad
905 2187 970 2227 sin.
997 2186 1111 2216 lfncaei
1282 2196 1303 2225 9
1328 2195 1389 2225 pro

15 2238 29 2266 ‘3-
55 2231 245 2263 societate.
266 2255 274 2264 .
294 2236 503 2271 stparccient
527 2229 815 2272 MPFUpOT2A²
833 2230 886 2261 uel
902 2230 974 2261 11⁴:
1000 2240 1064 2260 om
1089 2228 1257 2260 HTDLA

59 2284 94 2305 11
121 2274 288 2306 stantibus
304 2274 407 2305 MPF
407 2273 534 2316 UpOH
538 2274 687 2306 TDLA
705 2274 893 2305 astantibus
906 2274 1034 2305 conieczt
1044 2273 1266 2304 utrdoctusm
1283 2283 1389 2314 marg.

11 2331 20 2351 ς
55 2317 102 2349 ed.
119 2317 274 2349 Curionis
365 2329 403 2350 12
422 2318 552 2358 iisque.
597 2318 917 2358 .proficiscerentur
927 2315 1151 2357 MPFUpOT
1149 2315 1266 2347 DLA
1278 2326 1343 2348 om.
1353 2315 1395 2346 H

100 2367 148 2401 32
172 2372 191 2392 2
216 2361 422 2393 exercitibus
431 2371 508 2392 cum
519 2361 592 2393 dett.
607 2372 674 2392 uno
686 2361 789 2402 (Let'd.
805 2362 841 2399 2)
854 2361 1064 2402 scrt'psz':mus
1083 2361 1124 2391 ab
1138 2360 1221 2391 urbe
1232 2359 1390 2391 exerciti·

55 2403 117 2436 bus
135 2404 290 2446 PFUpH
293 2403 443 2436 TDLA.
467 2405 675 2436 exercitibus
697 2405 739 2435 ab
759 2405 842 2435 urbe
865 2403 906 2434 M
925 2404 998 2435 dett.
1017 2413 1108 2434 unus
1125 2403 1219 2444 (Lov.
1245 2405 1302 2443 4)·
1296 2427 1303 2434 .
1327 2402 1391 2443 defi

57 2446 89 2478 Ο
101 2458 109 2487 ;
133 2448 186 2488 (de
207 2448 320 2480 ordine
342 2449 471 2480 uariato
489 2448 658 2490 glossema
681 2448 842 2479 indicante
865 2446 932 2479 uid.
958 2446 1067 2487 Praef.
1096 2450 1111 2485 ἐ
1138 2456 1157 2487 5
1181 2446 1276 2488 adn.)
