1722 2748
646 561 705 609 T.
759 560 905 610 LIVI

367 697 475 751 AB
530 669 759 751 VRB‘E
814 698 1192 752 CONDITA

643 842 813 880 LIBER
856 842 914 879 IX

163 948 375 992 SEQV1TvR
393 947 500 985 hunc
515 959 664 985 annum
682 945 826 984 nobilis
842 947 955 986 clade
972 948 1156 986 Romana
1172 946 1356 988 Caudina
1370 960 1445 998 pax
1465 958 1478 979 ¹

110 1013 157 1051 T.
179 1014 345 1052 Veturio
366 1011 538 1053 Caluino
559 1013 623 1062 Sp.
648 1011 854 1050 Postumio
875 1012 1115 1052 consulibus.
1175 1012 1371 1052 Samnites
1398 1026 1447 1052 eo
1467 1029 1482 1051 2

109 1091 217 1117 anno
244 1076 521 1128 imperatorem
549 1078 594 1117 C.
626 1076 812 1116 Pontium
842 1069 1022 1117 Herenni
1054 1079 1176 1116 filium
1209 1079 1442 1126 habuerunt,

110 1150 220 1193 patre
239 1144 358 1194 longe
378 1141 687 1194 prudentissimo
707 1150 855 1191 natum,
874 1142 1043 1194 primum
1061 1143 1190 1194 ipsum
1214 1143 1443 1184 bellatorem

110 1209 350 1259 ducemque.
411 1209 462 1255 Is,
484 1207 551 1246 ubi
574 1207 689 1258 legati
713 1207 781 1258 qui
802 1209 854 1247 ad
883 1209 1090 1248 dedendas
1112 1222 1173 1248 res
1197 1208 1303 1248 missi
1335 1217 1445 1249 erant
1463 1223 1481 1254 3

110 1286 207 1324 pace
227 1273 373 1313 infecta
389 1273 602 1322 redierunt,
621 1276 630 1293 ‘
643 1286 693 1312 ne
709 1272 807 1312 nihil
821 1281 952 1313 actum
965 1274 974 1291 ’
989 1274 1117 1325 inquit
1140 1275 1236 1313 ‘hac
1249 1274 1444 1326 legatione

110 1337 315 1386 censeatis,
338 1338 537 1390 expiatum
558 1346 617 1378 est
637 1337 834 1389 quidquid
854 1352 901 1378 ex
926 1340 1082 1379 foedere
1104 1347 1219 1391 rupto
1239 1339 1380 1380 irarum
1403 1340 1443 1379 in

111 1416 183 1442 nos
204 1403 430 1443 caelestium
454 1403 536 1442 suit.
588 1403 689 1443 Satis
711 1403 805 1452 scio,
822 1403 1140 1456 quibuscumque
1161 1406 1221 1445 dis
1242 1407 1349 1445 cordi
1371 1405 1443 1445 fuit
1462 1419 1481 1449 4

109 1468 236 1520 subigi
257 1482 330 1509 nos
358 1470 411 1508 ad
441 1468 716 1508 necessitatem
750 1470 925 1510 dedendi
956 1484 1016 1509 res
1046 1484 1147 1522 quae
1173 1472 1224 1511 ab
1254 1471 1370 1512 nobis
1397 1486 1442 1511 ex

109 1535 268 1575 foedere
289 1534 477 1586 repetitae
491 1536 656 1583 fuerant,
677 1534 722 1574 iis
745 1549 824 1574 non
839 1535 958 1575 fuisse
979 1535 1087 1576 cordi
1108 1544 1187 1576 tam
1210 1536 1377 1588 superbe
1392 1537 1443 1576 ab

110 1601 303 1641 Romanis
331 1602 499 1641 foederis
526 1600 790 1653 expiationem
828 1609 1009 1652 spretam.
1071 1601 1179 1651 Quid
1210 1603 1314 1641 enirn
1345 1604 1444 1641 ultra
1463 1612 1480 1643 5

109 1666 189 1706 fieri
211 1668 262 1706 ad
283 1668 500 1718 placandos
521 1668 619 1707 deos
642 1666 961 1719 mitigandosque
983 1666 1164 1706 homines
1185 1667 1312 1718 potuit
1323 1680 1442 1718 quam

108 1733 218 1783 quod
247 1747 320 1772 nos
351 1733 546 1774 fecimus?
605 1734 687 1772 Res
718 1732 892 1772 hostium
924 1732 966 1771 in
999 1733 1144 1783 praeda
1174 1739 1319 1784 captas,
1342 1746 1443 1784 quae

109 1796 200 1836 belli
234 1797 316 1837 iure
348 1806 504 1839 nostrae
537 1798 786 1846 uidebantur,
829 1796 1076 1846 remisimus3
1119 1805 1299 1838 auctores
1338 1799 1440 1847 belli,
1462 1803 1481 1835 6

108 1862 199 1913 quia
228 1864 342 1903 uiuos
373 1878 454 1903 non
485 1863 701 1916 potuimus,
723 1865 951 1916 perfunctos
983 1862 1059 1902 iam
1093 1864 1172 1902 fato
1192 1862 1443 1912 dedidimus;

107 1925 214 1968 bona
233 1943 381 1977 eorum,
406 1943 458 1969 ne
478 1929 575 1981 quid
596 1943 643 1969 ex
665 1928 904 1980 contagione
925 1942 1051 1968 noxae
1076 1936 1293 1967 remaneret
1321 1941 1442 1980 penes

107 2006 189 2042 nOS,
214 1995 386 2034 Romam
416 1997 671 2046 portauimus.
733 1996 844 2045 Quid
876 1996 976 2034 ultra
1005 1993 1087 2042 tibi,
1122 1995 1315 2041 Romane,
1346 1993 1480 2044 quid7

32 2055 45 2086 ¹-
106 2059 266 2109 foederi,
281 2059 378 2111 quid
399 2061 460 2100 dis
480 2060 634 2100 arbitris
648 2062 819 2101 foederis
841 2061 1002 2100 debeo?
1043 2061 1175 2110 Quem
1197 2058 1265 2097 tibi
1288 2066 1440 2098 tuarum

107 2124 261 2173 irarum,
278 2138 398 2176 quem
419 2138 600 2165 meorum
622 2126 906 2177 suppliciorum
930 2125 1101 2165 iudicem
1122 2126 1272 2164 seram?
1310 2124 1442 2163 Nemi-

44 2210 50 2212 -
106 2202 209 2237 nem,
231 2203 362 2240 neque
381 2191 574 2241 populum
596 2204 726 2242 neque
749 2190 959 2241 priuatum,
983 2189 1102 2241 fugio.
1149 2190 1271 2239 Quod
1293 2187 1323 2227 si
1344 2188 1439 2228 nihil
1462 2198 1480 2229 8

105 2266 195 2292 cum
227 2256 450 2304 potentiore
483 2254 576 2294 iuris
611 2255 774 2294 humani
808 2254 1041 2306 relinquitur
1072 2253 1192 2306 inopi,
1222 2261 1262 2293 at
1292 2267 1365 2306 ego
1391 2256 1441 2294 ad

55 2314 58 2315 ⁷
104 2318 202 2358 deos
222 2318 402 2358 uindices
423 2319 695 2359 intolerandae
711 2320 919 2371 superbiae
938 2319 1163 2370 confugiam
1178 2327 1218 2359 et
1238 2320 1438 2371 precabor,

41 2380 49 2411 ἶ
105 2390 147 2422 ut
169 2383 243 2422 iras
264 2397 353 2423 suas
374 2392 529 2424 uertant
550 2385 591 2424 in
604 2399 672 2425 eos
686 2385 832 2437 quibus
853 2398 934 2424 non
958 2398 1052 2424 suae
1072 2384 1250 2424 redditae
1269 2399 1340 2434 res,
1359 2399 1439 2424 non
1460 2396 1479 2427 9

30 2439 59 2494 „3524
105 2448 256 2487 alienae
276 2451 550 2488 accumulatae
571 2451 663 2488 satis
681 2449 756 2488 sint
777 2464 784 2496 ;
814 2462 983 2499 quorum
1007 2449 1210 2488 saeuitiam
1234 2464 1312 2488 non
1336 2463 1440 2488 mors
