1722 2748
200 131 306 170 VIII
330 141 385 180 30
405 141 422 170 8
813 135 934 173 TITI
969 136 1087 174 LIVI

246 250 265 280 8
341 244 532 293 Magister
551 243 731 294 equitum
753 252 794 283 ut
815 258 863 284 ex
883 252 991 284 tanta
1012 247 1135 285 caede
1156 247 1289 285 multis
1310 248 1458 298 potitus
1488 245 1624 298 spoliis

283 317 473 360 congesta
506 308 547 348 in
574 308 776 360 ingentem
805 323 993 350 aceruum
1022 311 1182 351 hostilia
1209 325 1319 352 arma
1347 312 1510 352 subdito
1533 311 1625 363 igne

245 382 264 413 9
283 376 562 423 concremauit‚
586 388 655 414 seu
677 383 817 414 uotum
837 375 879 415 id
899 377 1067 416 deorum
1087 377 1262 428 cuipiam
1281 377 1354 417 fuit
1375 391 1445 417 seu
1465 378 1627 418 credere

283 439 379 479 libet
400 440 525 479 Fabio
545 440 696 480 auctori
716 454 765 480 eo
786 443 935 481 factum
956 455 1008 482 ne
1028 456 1124 482 suae
1143 442 1291 495 gloriae
1315 444 1484 482 fructum
1505 429 1646 483 dicta-⁶

283 513 344 544 to'r
363 514 519 557 caperet
543 520 773 558 nomenque
797 507 853 546 ibi
880 507 1068 548 scriberet
1096 516 1166 548 aut
1194 509 1321 560 spolia
1344 508 1392 548 -in
1419 509 1623 560 triumpho

226 586 262 608 10
282 573 408 611 ferret.
467 571 638 611 Litterae
665 586 826 624 quoque
855 575 907 613 de
936 588 977 613 re
1006 588 1193 625 prospere
1220 583 1332 626 gesta
1359 576 1410 615 ad
1439 582 1623 615 senatum

283 650 366 677 non
385 639 436 677 ad
457 637 690 677 dictatorem
713 638 855 678 missae
867 648 1146 690 argumentum
1161 642 1269 680 fuere
1283 641 1448 681 minime
1466 654 1558 680 cum
1576 654 1626 680 eo

282 704 614 744 communicantis
634 706 784 745 laudes.
832 707 894 745 Ita
914 714 1021 747 certe
1040 706 1211 746 dictator
1227 706 1269 747 id
1289 708 1437 747 factum
1457 708 1623 759 accepit,

283 778 326 810 ut
345 769 457 810 laetis
476 770 562 810 aliis
583 770 749 810 uictoria
770 779 879 822 parta
900 786 994 823 prae
1015 786 1057 812 se
1079 774 1193 812 ferret
1216 772 1313 812 iram
1333 771 1621 824 tristitiamque.

224 850 257 871 ιι
286 835 412 875 Misso
431 836 564 888 itaque
585 844 748 887 repente
771 845 909 876 senatu
931 851 973 877 se
994 852 1042 877 ex
1062 839 1170 878 curia
1194 838 1398 890 proripuit,
1421 846 1506 878 tum
1528 851 1624 879 uero

283 915 364 941 non
384 902 619 943 Samnitium
635 902 758 954 magis
778 903 954 954 legiones
971 918 1092 955 quam
1107 903 1353 944 maiestatem
1374 905 1623 944 dictatoriam

282 975 322 1008 et
340 968 591 1020 disciplinam
614 967 823 1008 militarem
843 982 867 1008 a
888 962 1074 1020 magistro
1093 969 1274 1020 equitum
1294 969 1442 1009 uictam
1458 977 1498 1010 et
1517 983 1624 1010 euer-

282 1047 367 1073 sam
406 1034 605 1082 dictitans‚
646 1035 676 1073 si
717 1034 771 1073 illi
811 1034 975 1086 impune
1009 1043 1185 1087 spretum
1224 1034 1436 1087 imperium
1473 1035 1624 1076 fuisset.

225 1112 258 1135 12
284 1101 428 1150 Itaque
458 1101 596 1150 plenus
633 1098 826 1139 minarum
861 1101 1019 1151 iraeque
1050 1101 1250 1152 profectus
1282 1100 1323 1140 in
1356 1108 1493 1150 castra,
1529 1115 1623 1140 cum

283 1163 462 1204 maximis
492 1165 698 1204 itineribus
727 1165 832 1215 isset,
854 1179 937 1206 non
967 1174 1101 1206 tamen
1130 1166 1363 1219 praeuenire
1381 1167 1529 1207 famam
1557 1168 1624 1207 ad-

152 1270 155 1273 ,
222 1244 259 1276 13
281 1238 425 1270 uentus
446 1231 507 1270 sui
526 1232 654 1282 potuit
669 1245 680 1280 ;
709 1240 1056 1282 praecucurrerant
1086 1232 1194 1272 enim
1220 1233 1273 1273 ab
1302 1233 1400 1273 urbe
1430 1232 1499 1285 qui
1525 1246 1624 1272 nun-

280 1299 425 1338 tiarent
460 1298 696 1337 dictatorern
730 1299 895 1338 auidum
930 1311 1085 1350 poenae
1119 1299 1267 1347 uenire,
1302 1300 1462 1339 alternis
1495 1313 1624 1353 paene

280 1364 413 1404 uerbis
433 1366 480 1404 T.
507 1363 633 1403 Manli
653 1365 802 1404 factum
822 1366 1064 1405 laudantem.

217 1442 262 1479 31
337 1430 485 1470 Fabius
505 1429 694 1470 contione
715 1432 916 1482 extemplo
935 1432 1134 1471 aduocata
1152 1431 1375 1471 obtestatus
1399 1429 1544 1472 milites
1565 1438 1625 1472 est

280 1504 334 1545 ut,
375 1509 455 1548 qua
492 1495 638 1535 uirtute
686 1510 768 1544 rem
807 1496 1010 1547 publicam
1047 1496 1101 1537 ab
1139 1496 1403 1537 infestissimis
1442 1496 1623 1537 hostibus

278 1562 561 1610 defendissent,
599 1563 741 1602 eadem
773 1576 815 1602 se
833 1563 959 1602 =cuius
989 1563 1114 1603 ductu
1143 1562 1405 1614 auspicioque
1433 1562 1622 1603 uicissent

243 1643 255 1664 2
277 1630 329 1668 ab
350 1629 560 1680 impotenti
582 1629 817 1669 crudelitate
838 1629 1042 1668 dictatoris
1063 1636 1307 1670 tutarentur:
1337 1628 1474 1668 uenire
1489 1642 1623 1670 amen-
1684 1623 1693 1633 ”

280 1703 360 1735 tem
381 1694 542 1743 inuidia,
563 1694 707 1734 iratum
730 1694 864 1734 uirtuti
885 1695 1038 1735 alienae
1056 1695 1315 1747 felicitatique
1330 1709 1340 1743 ;
1369 1695 1495 1734 furere
1511 1695 1622 1746 quod

279 1774 322 1801 se
341 1761 506 1801 absente
526 1773 587 1800 res
608 1760 768 1812 publica
790 1760 945 1812 egregie
964 1768 1076 1812 gesta
1100 1769 1203 1801 esset
1219 1776 1229 1808 ;
1259 1761 1385 1809 malle,
1410 1759 1442 1799 si
1469 1767 1622 1799 mutare

280 1828 479 1867 fortunam
499 1834 644 1877 posset,
666 1827 774 1878 apud
802 1825 999 1866 Samnites
1030 1840 1151 1878 quam
1186 1828 1393 1866 Romanos
1413 1825 1620 1866 uictoriam

240 1907 256 1938 3
279 1905 391 1941 esse3
437 1892 647 1944 imperium
688 1891 869 1932 dictitare
905 1900 1097 1944 spretum,
1125 1899 1329 1943 tamquam
1364 1905 1447 1931 non
1479 1892 1621 1931 eadem

279 1966 412 1998 mente
450 1958 614 2010 pugnari
654 1958 823 1998 uetuerit
863 1971 942 2010 qua
981 1965 1200 2010 pugnatum
1239 1958 1386 1997 doleat.
1447 1963 1486 1997 et
1525 1965 1622 1997 tunc

321 2064 341 2094 8
366 2063 398 2094 in
427 2062 672 2105 UpHTDLA:
705 2074 771 2096 om.
796 2063 938 2104 MPFO,
965 2062 1178 2103 sedsortasse
1197 2063 1206 2093 i
1224 2066 1299 2093 ante
1323 2063 1496 2103 ingentem
1525 2063 1558 2094 in
1582 2060 1626 2094 M

278 2118 372 2138 erasa
388 2111 454 2147 est3
472 2107 522 2148 (cf.
542 2118 593 2148 45.
613 2117 665 2148 35.
688 2108 720 2148 1)
880 2117 919 2147 19
943 2107 1061 2138 laudes
1081 2105 1294 2137 MHTDLA
1311 2118 1318 2138 :
1342 2106 1474 2138 laudem
1490 2105 1624 2138 Fetffl

280 2154 333 2192 <ut
348 2150 494 2190 uidetur]
511 2151 615 2193 UpO:
636 2153 735 2184 laude
747 2151 849 2183 PF’?
975 2161 1011 2182 11
1038 2156 1109 2182 tum
1126 2148 1420 2191 MPFUpOT2A²
1434 2161 1441 2183 :
1460 2159 1535 2182 cum
1550 2147 1626 2182 HT

278 2194 402 2226 DLA?
420 2195 493 2236 <sed
514 2207 547 2227 c-
563 2196 695 2237 capitale
716 2195 848 2227 Gotlu'ca
862 2195 982 2236 forma
1007 2194 1119 2234 TDA)
1250 2194 1462 2226 maiestatem
1479 2219 1487 2228 .
1500 2217 1509 2227 .
1527 2219 1534 2227 .
1552 2193 1619 2226 die-

278 2239 382 2270 titans
397 2250 463 2271 om.
483 2239 527 2279 A,
543 2239 619 2270 add.
634 2239 703 2273 A2:
731 2250 846 2280 mages
863 2239 899 2271 D
920 2238 1041 2280 (magis
1059 2237 1122 2277 Dl)
1140 2238 1202 2278 qui
1220 2242 1339 2269 -tatem
1369 2262 1375 2269 .
1398 2262 1406 2270 .
1431 2262 1438 2270 .
1462 2237 1621 2269 dictitans

278 2283 419 2315 omittit:
453 2287 508 2315 ret.
543 2284 635 2314 ceteri
826 2293 875 2323 '13
900 2286 1203 2324 praecucurrerant
1239 2281 1280 2312 H
1288 2280 1485 2314 ¹TDLRn:
1522 2291 1620 2322 prae-

279 2331 456 2358 currerant
474 2326 737 2368 MPFUpOHA

323 2377 363 2409 31
388 2382 407 2402 2
431 2370 606 2402 uictoriam
629 2381 706 2402 esse
727 2369 1056 2412 MPFUpOT2D³A
1076 2380 1084 2402 ε
1119 2368 1263 2402 uictoria
1283 2379 1368 2402 essct
1392 2367 1450 2401 H:
1480 2369 1620 2401 uictoria
1644 2397 1646 2399 .

279 2419 371 2446 esset
389 2413 454 2444 DL
470 2427 475 2445 t
503 2415 680 2445 uictoriam
699 2419 792 2446 esset
809 2415 843 2446 in
865 2413 897 2446 T
