1722 2748
222 130 287 169 IX
306 139 348 179 17
374 146 410 177 ¹5
833 131 954 170 ΤΙΤΙ
986 132 1104 170 LIVI

305 239 472 292 quilibet
500 254 604 280 unus
632 254 681 281 ex
706 240 768 281 his
796 253 898 293 quos
927 240 1133 280 nominaui
1158 241 1296 282 castris
1321 243 1457 283 locum
1475 251 1647 297 caperet,

304 315 551 347 commeatus
581 308 793 359 expediret,
815 308 867 347 ab
896 307 1050 347 insidiis
1079 316 1346 360 praecaneret,
1366 316 1526 362 tempus
1554 323 1648 363 pug-

248 378 285 410 16
305 386 380 413 nae
413 375 617 425 deligeret,
649 374 777 414 aciem
813 375 1035 422 instrueret,
1072 373 1261 414 subsidiis
1297 375 1496 416 firmaret!
1552 377 1649 416 Non

303 453 395 479 cum
419 441 552 480 Dareo
571 453 653 479 rem
675 453 763 480 esse
781 439 955 488 dixisset,
979 453 1101 491 quem
1121 439 1333 479 mulierum
1352 453 1400 480 ac
1420 441 1647 493 spadonum

302 519 447 557 agmen
475 507 697 546 trahentem
727 505 828 546 inter
855 519 1069 557 purpuram
1105 512 1226 556 atque
1259 519 1399 545 aurum
1437 514 1651 547 oneratum

303 573 485 611 fortunae
517 572 771 623 apparatibus
804 585 909 620 suae,
942 573 1132 623 praedam
1161 572 1294 611 uerius
1323 585 1447 623 quam
1475 574 1645 623 hostem,

303 637 401 676 nihil
429 638 538 677 aliud
567 651 687 689 quam
717 637 822 677 bene
848 651 967 677 ausus
993 651 1097 677 uana
1122 645 1392 687 contemnere,
1415 638 1669 693 incruentus,

247 711 282 746 ι7
302 704 462 744 deuicit.
522 706 659 756 Longe
678 704 779 744 alius
802 704 942 743 Italiae
961 717 1083 755 quam
1107 703 1259 753 Indiae,
1281 717 1352 756 per
1377 717 1499 756 quam
1523 696 1722 745 nemu-'³³⁴¹

302 772 412 812 lento
430 772 588 822 agmine
608 770 923 830 comis-abundus
943 769 1118 819 incessit,
1140 769 1252 810 uisus
1271 769 1331 810 illi
1347 770 1508 811 habitus
1528 779 1644 821 esset,

302 839 424 877 saltus
451 837 622 889 Apuliae
644 851 690 877 ac
716 844 873 877 montes
904 838 1090 876 Lucanos
1120 836 1298 877 cernenti
1327 844 1369 878 et
1396 837 1565 891 uestigia
1591 852 1649 879 re-

302 903 433 943 centia
461 904 706 943 domesticae
735 902 870 951 cladis,
897 903 966 942 ubi
994 903 1220 943 auunculus
1249 902 1335 943 eius
1364 917 1504 956 nuper,
1535 903 1646 956 Epiri
1714 931 1716 934 >

302 982 369 1009 rex
388 970 625 1018 Alexander,
647 969 884 1020 absumptus
905 976 998 1008 erat.

236 1033 281 1072 18
358 1037 410 1075 Et
429 1035 628 1087 loquimur
648 1037 700 1076 de
716 1036 945 1075 Alexandro
965 1036 1148 1076 nondum
1164 1049 1296 1076 merso
1311 1017 1500 1078 secundis
1513 1037 1644 1086 rebus,
1706 1038 1722 1075 .-]

264 1113 281 1135 2
302 1115 469 1153 quarum
500 1115 620 1141 nemo
650 1101 924 1141 intolerantior
952 1102 1036 1142 fuit.
1097 1101 1179 1152 Qui
1208 1101 1242 1142 si
1270 1116 1318 1144 ex
1346 1103 1486 1143 habitu
1515 1116 1647 1143 nouae

301 1170 483 1208 fortunae
515 1167 702 1219 nouique,
739 1174 782 1207 ut
817 1166 871 1207 ita
901 1167 1046 1216 dicam,
1082 1166 1230 1220 ingenii
1264 1169 1376 1220 quod
1409 1168 1486 1209 sibi
1518 1168 1647 1209 uictor
1712 1164 1722 1204 3

262 1243 281 1275 3
300 1233 483 1274 induerat
512 1242 722 1286 spectetur,
746 1235 880 1273 Dareo
901 1233 1026 1284 magis
1051 1233 1189 1273 similis
1209 1247 1331 1285 quam
1352 1235 1580 1275 Alexandro
1603 1235 1645 1274 in
1706 1269 1707 1272 ,

303 1299 459 1339 Italiam
483 1299 659 1340 uenisset
680 1306 719 1340 et
741 1298 957 1339 exercitum
987 1299 1255 1339 Macedoniae
1281 1299 1451 1340 oblitum
1477 1301 1646 1352 degene-
1703 1306 1710 1347 j-

261 1371 281 1403 4
300 1373 534 1417 rantemque
555 1365 632 1405 iam
654 1365 695 1404 in
725 1367 930 1405 Persarum
959 1378 1090 1404 mores
1109 1364 1351 1406 adduxisset.
1410 1366 1577 1406 Referre
1602 1364 1645 1405 in
1700 1371 1708 1399 ἴ

300 1439 412 1471 tanto
436 1445 526 1484 rege
553 1431 658 1484 piget
679 1432 892 1483 superbam
915 1430 1179 1470 mutationem
1200 1431 1322 1472 uestis
1341 1439 1382 1472 et
1401 1432 1645 1472 desideratas
1696 1462 1699 1463 γ

301 1498 412 1537 humi
425 1498 639 1538 iacentium
653 1499 915 1546 adulationes,
932 1497 1052 1537 etiam
1066 1497 1182 1555 uictis
1198 1496 1645 1549 Macedonibusgraues
1698 1494 1702 1499 ’

300 1565 450 1615 nedum
471 1564 700 1612 uictoribus,
719 1571 758 1604 et
774 1565 892 1604 foeda
909 1562 1104 1615 supplicia
1119 1570 1159 1603 et
1175 1564 1276 1603 inter
1291 1563 1431 1602 uinum
1447 1570 1488 1603 et
1507 1563 1645 1614 epulas
1672 1563 1694 1615 ss

195 1671 198 1673 Α
260 1641 279 1674 5
300 1631 444 1670 caedes
463 1629 682 1670 amicorum
699 1638 739 1670 et
754 1629 971 1669 uanitatem
989 1628 1268 1669 ementiendae
1284 1627 1425 1680 stirpis.
1485 1628 1597 1679 Quid
1612 1627 1643 1668 si
1686 1617 1691 1626 ⁴

300 1697 382 1735 uini
403 1710 515 1736 amor
534 1696 574 1736 in
595 1696 680 1736 dies
701 1697 811 1736 fieret
835 1695 991 1736 acrior?
1025 1695 1123 1747 quid
1150 1695 1182 1735 si
1210 1703 1297 1735 trux
1322 1708 1371 1735 ac
1395 1693 1644 1747 praeferuida

300 1762 355 1802 ira
367 1764 514 1802 P—nec
535 1764 751 1814 quicquam
768 1762 938 1802 dubium
955 1761 1056 1802 inter
1071 1762 1282 1813 scriptores
1298 1753 1674 1802 refero—nullane

260 1834 280 1867 6
299 1830 398 1868 haec
419 1830 566 1868 damna
586 1828 846 1880 imperatoriis
867 1827 1081 1867 uirtutibus
1101 1827 1317 1900 ducimus?
1333 1820 1342 1891 ff
1360 1827 1411 1867 Id
1430 1839 1528 1867 uero
1547 1824 1645 1878 peri-

299 1896 434 1934 culum
455 1902 549 1943 erat,
567 1895 678 1955 quod
694 1894 883 1934 leuissimi
899 1907 947 1934 ex
962 1894 1125 1934 Graecis
1142 1907 1210 1945 qul
1151 1884 1465 1933 Parthorum
1481 1904 1644 1944 quoque
1682 1891 1684 1894 ’

299 1968 437 2000 contra
457 1974 605 2000 nomen
632 1962 862 2000 Romanum
889 1959 1036 2012 gloriae
1057 1961 1193 1999 fauent
1219 1959 1401 1998 dictitare
1428 1959 1569 2006 solent,
1593 1970 1644 1998 ne
1684 2002 1685 2006 Ἰ

302 2027 546 2067 maiestatem
569 2026 741 2066 nominis
764 2027 991 2074 Alexandri,
1014 2039 1135 2077 quem
1160 2038 1212 2065 ne
1241 2026 1346 2065 sama
1374 2024 1540 2076 quidem
1569 2022 1644 2063 illis

300 2100 439 2132 notum
460 2092 625 2132 arbitror
647 2092 778 2141 fuisse,
798 2093 992 2133 sustinere
1008 2105 1091 2131 non
1112 2091 1284 2143 potuerit
1305 2091 1476 2143 populus
1498 2091 1644 2130 Roma·
1676 2118 1677 2121 =

264 2171 280 2203 7
301 2173 375 2198 nus
390 2173 401 2208 3
415 2167 454 2199 et
466 2160 657 2199 aduersus
671 2173 791 2210 quem
806 2158 988 2207 Athenis,
1005 2157 1045 2197 in
1058 2157 1219 2197 ciuitate
1234 2158 1354 2197 fracta
1369 2157 1643 2196 Macedonum

1655 1690 1670 1765 f,

1670 1791 1685 1827 'x

350 2265 388 2295 16
406 2264 519 2295 Dareo
536 2263 727 2296 MPTDL:
751 2263 844 2296 dario
861 2262 942 2295 1³²1*
942 2262 1048 2304 UpA
1074 2262 1179 2294 dai-ici
1199 2262 1230 2294 Ο
1339 2268 1440 2302 atque
1453 2259 1645 2302 MPFUpO

302 2307 389 2338 LA:
415 2313 448 2338 et
473 2307 519 2339 T:
543 2320 581 2340 ac
600 2309 635 2339 D
793 2318 830 2348 17
857 2308 1119 2340 comisabundus
1137 2306 1346 2347 MPFUpO:
1371 2304 1646 2337 comesabundus

307 2350 420 2382 TDL:
447 2354 738 2384 comessabundus
755 2352 787 2383 A
918 2351 969 2393 Ep
972 2351 1012 2383 iri
1029 2349 1308 2392 PFUpOTDA:
1334 2348 1500 2391 epyriL:
1520 2359 1586 2381 om.
1607 2347 1648 2380 M

344 2394 384 2427 18
409 2406 428 2435 3
457 2396 567 2428 Dareo
588 2396 744 2428 MPOT.
771 2396 874 2428 Dario
893 2394 1128 2437 P2FUpDLA
1678 2398 1680 2400 ’
