1722 2748
485 146 558 183 AB
591 146 738 183 VRBE
769 145 1028 185 CONDITA
1230 144 1336 182 VIII
1358 144 1414 191 36
1435 159 1450 179 2

81 256 164 296 eius
192 258 266 296 fuit
294 269 369 296 nec
397 256 579 296 hostibus
603 256 818 308 quicquam
843 256 974 296 attulit
1000 256 1166 296 terroris.
1225 257 1413 306 Namque

80 330 240 373 postero
266 321 344 371 die,
375 335 446 362 seu
473 321 599 373 ignari
626 324 785 362 uenisse
814 323 1048 362 dictatorem
1077 334 1148 361 seu
1176 322 1333 361 adesset
1360 334 1411 360 an

81 387 238 427 abesset
257 389 367 438 parui
387 388 586 436 facientes,
610 387 799 427 instructa
819 387 903 427 acie
922 388 975 428 ad
997 395 1124 427 castra
1147 394 1408 427 accesserunt.

83 453 271 493 Ceterum
292 461 446 492 tantum
467 453 660 493 momenti
679 453 720 492 in
742 467 823 493 uno
847 455 932 493 uiro
952 455 998 493 L.
1022 452 1179 504 Papirio
1203 452 1275 492 fuit
1304 460 1362 502 ut,
1382 452 1413 492 si
1433 465 1452 495 3

80 517 195 557 ducis
224 518 389 558 consilia
416 520 527 559 fauor
555 520 790 559 subsecutus
813 519 986 559 militum
1014 520 1124 567 foret,
1147 518 1337 558 debellari
1364 532 1414 558 eo

79 582 146 622 die
164 596 257 622 cum
278 583 522 624 Samnitibus
546 584 721 635 potuisse
747 597 819 636 pro
843 585 951 623 haud
977 583 1103 623 dubio
1127 583 1309 623 habitum
1340 583 1388 622 sit
1402 598 1414 632 3

79 647 134 687 ita
164 647 344 688 instruxit
363 649 489 688 aciem
512 648 616 703 [loco
634 663 683 689 ac
705 647 920 702 subsidiis],
942 648 998 688 ita
1025 648 1134 687 omni
1159 656 1242 688 arte
1270 648 1412 688 bellica
1433 665 1454 695 4

79 714 251 753 firmauit
262 728 275 764 ς
302 722 499 754 cessatum
519 729 543 754 a
563 714 686 754 milite
706 728 752 754 ac
771 716 831 771 de.
843 714 1044 763 industria,
1067 722 1110 754 ut
1130 714 1413 754 obtrectaretur

78 778 264 819 laudibus
297 781 421 828 ducis,
458 780 648 832 impedita
681 780 846 819 uictoria
878 788 948 820 est.
1009 781 1145 819 Plures
1176 778 1411 819 Samnitium

80 845 270 894 cecidere,
292 847 424 897 plures
444 846 619 885 Romani
640 846 832 886 uolnerati
854 853 955 885 sunt.
986 825 1146 902 &emit
1165 844 1312 896 peritus
1331 846 1412 884 dux
1432 859 1450 890 5

79 922 182 960 quae
205 923 267 949 res
293 910 484 950 uictoriae
506 911 705 951 obstaret:
736 912 1040 963 temperandum
1066 909 1268 961 ingenium
1295 923 1411 950 suum

81 986 166 1013 esse
189 981 229 1014 et
257 975 508 1014 seueritatem
535 975 782 1016 miscendam
807 975 993 1016 comitati.
1054 977 1196 1027 Itaque
1223 974 1411 1015 adhibitis
1431 982 1452 1015 6

79 1039 216 1090 legatis
235 1039 320 1090 ipse
339 1040 478 1080 circuit
497 1042 652 1081 saucios
672 1042 816 1081 milites
837 1042 1012 1081 inserens
1031 1040 1073 1080 in
1092 1042 1261 1081 tentoria
1280 1048 1410 1092 caput,

80 1103 335 1156 singulosque
354 1113 398 1145 ut
417 1119 504 1146 sese
528 1107 691 1147 haberet
714 1107 886 1159 rogitans
911 1121 1043 1147 curam
1071 1120 1209 1146 eorum
1235 1106 1412 1146 nomina-

80 1169 151 1210 tim
168 1171 308 1222 legatis
329 1171 575 1224 tribunisque
594 1181 634 1213 et
654 1173 861 1224 praefectis
880 1173 1159 1213 demandabat.
1220 1174 1323 1212 Rem
1342 1186 1413 1224 per
1435 1183 1450 1215 7

80 1250 123 1275 se
141 1238 374 1288 popularem
395 1237 449 1276 ita
468 1239 627 1278 dextere
646 1239 737 1290 egit,
755 1247 798 1278 ut
815 1240 1022 1279 medendis
1037 1237 1270 1289 corporibus
1289 1236 1414 1277 animi

81 1302 207 1341 multo
235 1301 341 1353 prius
370 1302 541 1342 militum
570 1303 797 1354 imperatori
827 1303 1174 1344 reconciliarentur
1201 1317 1277 1343 nec
1305 1302 1414 1354 quic-

81 1381 201 1418 quam
232 1368 284 1407 ad
314 1367 583 1408 salubritatem
615 1368 813 1409 efficacius
844 1368 960 1408 fuerit
997 1383 1117 1420 quam
1156 1369 1267 1419 quod
1300 1375 1414 1420 grato

70 1432 216 1472 -animo
249 1447 296 1473 ea
327 1447 420 1472 cura
449 1442 612 1485 accepta
631 1442 702 1474 est.
762 1436 930 1474 Refecto
967 1435 1138 1474 exercitu
1172 1448 1263 1473 cum
1297 1435 1412 1474 hoste
1432 1442 1452 1474 8

81 1511 314 1550 congressus
335 1499 442 1539 haud
462 1499 584 1540 dubia
604 1514 674 1551 spe
695 1515 766 1540 sua
787 1500 1037 1551 militumque
1057 1499 1111 1538 ita
1130 1500 1230 1539 fudit
1250 1499 1414 1551 fugauit-

127 1620 146 1649 4
170 1609 276 1641 aciem
295 1633 302 1641 .
323 1633 330 1641 .
349 1636 357 1643 .
378 1609 543 1641 industria
569 1616 605 1642 ut
621 1620 685 1641 omv
708 1609 775 1640 DA
792 1621 799 1640 ε
822 1610 900 1641 add.
920 1610 992 1647 A²;
1016 1609 1174 1640 lacunam
1191 1609 1225 1639 in
1242 1608 1416 1640 Dnotam't

82 1653 127 1683 sic
145 1653 268 1690 Graece,
285 1652 379 1687 λεῖπέ
395 1653 488 1693 πολύ,
507 1653 603 1684 lector
614 1654 722 1694 quinti
743 1653 860 1684 decimi
875 1653 994 1684 saeculi
1107 1653 1181 1684 loco
1201 1662 1239 1683 ac
1255 1653 1413 1684 subsidiis

83 1695 426 1738 MPFUpOHTLA2
438 1696 510 1738 (sed
524 1697 565 1728 ab
576 1702 640 1739 pro
655 1708 694 1729 ac
713 1697 756 1739 L)
771 1709 777 1729 :
803 1697 849 1728 ita
864 1697 937 1728 loco
953 1707 992 1728 ac
1009 1696 1170 1727 subsidiis
1182 1695 1295 1728 Madv.
1313 1707 1320 1727 ε
1339 1696 1412 1728 loco

84 1749 123 1770 ac
139 1750 166 1772 s.
187 1740 303 1771 sultam
319 1740 507 1772 dubitanter
519 1740 566 1773 M.
585 1740 738 1773 Mueller:
764 1741 848 1780 loco,
867 1751 905 1772 ae
925 1740 1085 1771 subsidiis
1105 1740 1151 1771 ita
1169 1744 1231 1772 etc.
1249 1739 1295 1771 ed.
1314 1740 1411 1773 Frob.

87 1792 171 1823 1535
197 1784 242 1814 sic
270 1784 526 1825 interpungens:
557 1784 621 1816 has
645 1788 709 1815 tres
733 1795 824 1816 uoces
847 1784 965 1815 malim
994 1783 1111 1815 deletas
1130 1786 1258 1824 putans
1286 1783 1413 1815 addita-

84 1831 234 1858 mentum
251 1827 301 1868 (qs.
320 1837 351 1867 9.
364 1829 395 1859 6.
411 1829 445 1868 6)
462 1827 510 1859 ad
523 1827 615 1860 uoces
629 1833 702 1860 arte
719 1828 749 1860 b.
770 1828 916 1859 firmauit
933 1838 972 1858 ex
987 1827 1063 1858 locis
1079 1827 1154 1858 aliis
1170 1830 1320 1867 tractum,
1340 1839 1364 1860 e.
1377 1839 1411 1869 g.

84 1870 243 1902 subsidiis
267 1871 418 1902 locandis
436 1872 479 1910 (9.
506 1882 555 1911 ¹3·
578 1872 614 1912 3)
627 1882 642 1910 ,·
663 1876 694 1903 et
710 1871 749 1913 O,
772 1873 832 1912 qui
843 1872 905 1902 lms
923 1882 1016 1903 uoccs
1027 1871 1115 1902 inter
1130 1875 1253 1911 puncta
1275 1872 1409 1913 scripsit,

54 1951 55 1954 Ἰ
83 1913 143 1945 hoc
164 1914 296 1945 uidetur
315 1915 529 1955 confirmare:
561 1915 608 1946 ita
632 1917 722 1956 (ante
743 1917 849 1947 omnil
883 1926 1008 1956 quoque
1026 1915 1068 1945 ab
1097 1914 1138 1945 H
1158 1916 1324 1947 omissum
1341 1915 1413 1955 sor-

83 1960 170 1988 tasse
192 1962 254 1998 per
272 1958 437 1998 glossema
464 1958 522 1990 hoc
547 1969 587 1989 ex
611 1963 759 1990 contextu
785 1959 978 1990 submotum
1006 1962 1052 1990 est
1251 1959 1296 1990 ita
1315 1957 1418 1990 MPF

86 1999 287 2041 UpOTLA²
304 2013 312 2033 ε
335 2012 402 2033 om.
422 2001 464 2032 H>
620 2011 639 2041 5
663 2008 698 2034 et
722 2001 1042 2043 PFUpOHTDLA
1059 2014 1065 2034 z
1089 2012 1155 2034 om.
1174 2001 1220 2043 M,
1239 2002 1321 2042 sort.
1341 2007 1415 2033 recte

148 2045 299 2076 comitati
330 2045 705 2087 MPFUpOHTDLA,
735 2046 772 2087 (f.
801 2057 830 2086 5.
857 2057 910 2086 37.
939 2057 978 2085 7;
1012 2057 1063 2085 24.
1088 2056 1140 2084 31.
1170 2056 1215 2086 3:
1259 2046 1412 2085 benigni-

83 2087 143 2119 tati
161 2093 194 2119 et
210 2089 358 2120 comitati
374 2088 426 2120 Α2
441 2100 450 2121 :
472 2090 629 2121 comitate
649 2090 750 2122 Gron.
884 2091 905 2120 6
928 2090 1045 2122 circuit
1059 2091 1180 2130 scripsi,
1199 2090 1236 2130 qs.
1254 2100 1278 2122 c.
1300 2100 1352 2130 37.
1370 2100 1413 2130 93

82 2141 112 2171 3.
133 2141 184 2171 51.
203 2142 222 2171 7
236 2133 338 2172 quiet-1
354 2132 389 2163 F
396 2143 404 2172 ;
430 2132 491 2173 (sic
503 2144 630 2173 quoque
648 2133 828 2165 Grunauer
840 2135 950 2175 quiae
962 2137 1042 2174 post
1053 2134 1207 2172 rogitans
1223 2133 1391 2171 inserebat)
1405 2145 1411 2165 ε

82 2175 168 2206 circu-1
194 2174 356 2207 POHD:
379 2176 505 2208 circum
529 2176 694 2208 MFTLA
715 2189 722 2209 ε
745 2177 946 2208 circumiens
974 2176 1024 2218 Up
1138 2177 1358 2216 singulosque
1375 2176 1417 2207 M

82 2217 149 2249 HL
164 2230 170 2249 z
196 2218 349 2256 singulos
359 2219 509 2261 PFUpO
518 2218 613 2250 TDA
627 2221 683 2260 (sc.
699 2232 746 2261 -q.
759 2226 879 2252 autent
892 2221 1029 2261 omisso)
1131 2220 1271 2251 haberet
1283 2219 1414 2251 MPFO

80 2261 121 2292 H
125 2261 155 2292 T
151 2260 312 2293 DLARn
329 2263 362 2293 F
360 2274 468 2304 ragm.
486 2263 650 2296 Haverk.:
666 2263 834 2295 haberent
848 2263 948 2305 UpD³
964 2263 1036 2295 dett.
1051 2273 1140 2294 unus
1229 2274 1246 2303 7
1271 2263 1412 2295 dextere

81 2304 219 2346 Fragm.
245 2305 389 2338 Haverk.
414 2310 444 2337 et
467 2306 538 2338 dett.
565 2317 674 2340 unus:
709 2308 829 2339 dexter
848 2307 916 2349 (uel
937 2304 1032 2347 dext)
1057 2306 1258 2348 MPUpOH
1264 2306 1411 2339 TDLA:

81 2349 201 2380 sedulo
217 2349 251 2380 F
255 2349 268 2369 ³
288 2350 324 2380 in
347 2361 423 2388 ras„
443 2350 652 2391 impudenter
675 2361 763 2382 more
789 2362 852 2382 suo
998 2349 1197 2390 imperatori
1223 2349 1389 2392 UpOTA³
1402 2360 1411 2368 ·

81 2391 293 2432 imperatoris
310 2393 549 2424 MPFHDLA
1404 2393 1406 2395 ’
