1722 2748
469 128 541 165 AB
571 127 723 165 VRBE
754 127 1016 167 CONDITA
1321 130 1357 167 X
1380 139 1416 167 11
1438 144 1460 175 4

16 226 22 242 ⁸
79 238 186 276 Tum
225 236 426 287 extemplo
456 234 498 275 in
530 236 727 276 Etruriam
757 237 810 275 ad
840 234 1016 286 legiones
1056 235 1251 286 proficisci
1291 235 1414 277 iussit.

15 291 21 295 ⁵
77 301 290 341 Aduentus
326 300 410 341 eius
449 292 683 352 compressit
716 302 906 340 Etruscos
946 302 1049 340 adeo
1081 309 1123 340 ut
1157 314 1278 340 nemo
1308 309 1418 341 extra
1438 312 1456 345 5

11 401 19 407 i
78 368 325 407 munimenta
365 366 498 418 egredi
536 368 700 407 auderet
749 366 948 417 timorque
990 366 1166 418 ipsorum
1214 366 1415 407 obsidioni

15 420 26 484 ζ
77 431 214 471 similis
252 439 380 480 esset,·
427 445 558 483 neque
596 432 683 471 illos
723 445 854 471 nouus
893 434 1033 471 consul
1072 432 1275 472 uastandis
1314 433 1458 484 agris6

6 514 18 549 ,ᾗ
76 497 317 549 urendisque
349 497 473 546 tectis,
508 511 598 537 cum
634 497 781 548 passim
816 511 897 536 non
931 499 1048 537 uillae
1082 500 1211 537 solum
1243 499 1314 538 sed
1347 500 1417 538 sre-

0 566 16 606 ‚⁸1
76 571 244 613 quentes
264 576 426 614 quoque
446 562 523 602 uici
544 562 739 603 incendiis
761 565 967 611 fumarent,
990 563 1131 602 elicere
1150 565 1201 602 ad
1215 571 1415 603 certamen

0 617 17 678 4
76 628 216 680 potuit.
1455 679 1458 682 Δ

131 695 234 734 Cum
269 695 347 732 hoc
377 693 534 745 segnius
566 694 715 733 bellum
749 694 939 745 opinione
969 702 1082 742 esset,
1116 694 1274 734 alterius
1308 694 1454 745 belli‚7

4 770 32 776 ·
76 760 186 810 quod
207 758 341 798 multis
361 758 401 797 in
422 758 550 798 uicem
573 759 753 799 cladibus
775 761 883 799 haud
904 760 1101 800 immerito
1128 760 1300 801 terribile
1320 769 1412 810 erat,

74 824 190 872 fama,
231 823 454 863 Picentium
489 837 686 863 nouorum
727 824 925 864 sociorum
958 824 1118 874 indicio,
1159 824 1293 865 exorta
1331 834 1415 867 est:

9 887 24 944 ζ
74 889 271 929 Samnites
293 902 401 928 arma
422 896 461 928 et
482 889 739 929 rebellionem
773 897 950 941 spectare
980 903 1102 941 seque
1130 891 1182 930 ab
1209 890 1254 930 iis
1275 891 1415 932 sollici-

11 954 30 1010 Ξ
73 962 176 994 tatos
207 967 306 994 esse.
367 954 595 994 Picentibus
629 955 775 1006 gratiae
804 963 916 995 actae
945 963 984 995 et
1013 969 1157 1007 magna
1180 970 1269 1008 pars
1297 970 1415 997 curae
1434 966 1453 998 8

14 1012 22 1027 ³
75 1020 250 1072 patribus
270 1020 322 1060 ab
346 1020 502 1060 Etruria
523 1020 563 1059 in
584 1017 781 1061 Samnites
802 1035 915 1061 uersa
935 1029 1004 1062 est.

128 1086 280 1127 Caritas
312 1085 431 1126 etiam
461 1099 645 1126 annonae
675 1087 883 1127 sollicitam
913 1087 1114 1127 ciuitatem
1144 1088 1283 1128 habuit
1322 1102 1415 1128 uen-
1433 1103 1453 1135 9

14 1141 26 1147 .‚
74 1161 239 1204 tumque
254 1153 307 1192 ad
325 1152 482 1203 inopiae
497 1152 681 1192 ultimum
699 1154 810 1202 soret,
826 1161 868 1193 ut
882 1155 1071 1205 scripsere
1084 1154 1230 1206 quibus
1242 1154 1412 1194 aedilem

73 1218 192 1258 fuisse
213 1231 261 1258 eo
281 1231 388 1257 anno
409 1217 577 1258 Fabium
605 1218 827 1258 Maximum
858 1220 999 1271 placet,
1021 1219 1062 1258 ni
1091 1219 1175 1259 eius
1204 1219 1278 1259 uiri
1307 1233 1411 1268 cura,

72 1283 199 1335 qualis
234 1285 274 1322 in
307 1283 458 1323 bellicis
491 1283 608 1324 rebus
647 1284 780 1324 multis
813 1284 1115 1336 tempestatibus
1151 1286 1287 1334 suerat,
1325 1285 1412 1325 talis

72 1349 182 1390 domi
203 1357 286 1389 tum
309 1349 348 1388 in
369 1363 554 1389 annonae
583 1349 879 1400 dispensatione
910 1351 1182 1402 praeparando
1202 1364 1248 1390 ac
1267 1365 1412 1392 conue-

71 1417 206 1456 hendo
226 1417 424 1455 frumento
446 1415 592 1456 fuisset.

126 1483 188 1521 Eo
207 1494 444 1521 anno—nec
474 1481 638 1521 traditur
668 1481 1110 1533 causa—interregnum
1140 1481 1294 1522 initum.
1346 1484 1409 1522 In-
1431 1496 1471 1519 10

23 1557 31 1561 ⁴⁷
70 1555 239 1598 terreges
269 1548 377 1587 fuere
403 1549 479 1598 Ap.
504 1547 707 1596 Claudius,
730 1546 823 1587 dein
845 1549 887 1586 Ρ.
911 1547 1118 1598 Sulpicius.
1180 1549 1220 1587 Is
1248 1548 1409 1589 comitia

69 1611 291 1651 consularia
324 1612 464 1652 habuit
481 1627 492 1661 3
534 1611 683 1652 creauit
719 1613 763 1652 L,
798 1612 1029 1653 Cornelium
1071 1613 1299 1665 Scipionem
1332 1615 1409 1655 Cn.v

73 1676 255 1716 Fuluium
277 1678 472 1716 consules.

125 1742 324 1794 Principio
346 1742 462 1782 huius
483 1742 576 1783 anni
599 1751 774 1784 oratores
799 1745 1054 1783 Lucanorum
1083 1745 1135 1784 ad
1165 1758 1293 1785 nouos
1318 1759 1408 1786 con·
1434 1759 1467 1782 11

29 1800 32 1826 t
69 1809 173 1848 sules
212 1817 407 1848 uenerunt
445 1818 641 1860 questum,
681 1810 773 1861 quia
805 1809 1112 1850 condicionibus
1147 1811 1334 1862 perlicere
1369 1826 1411 1852 se

32 1911 33 1916 ,
70 1873 322 1925 nequiuerint
342 1876 393 1914 ad
414 1875 642 1916 societatem
670 1890 882 1925 armorum,
909 1875 1106 1916 Samnites
1134 1875 1278 1916 infesto
1306 1890 1411 1917 exer-

36 1992 38 1994 ·
69 1939 149 1978 citu
170 1939 366 1991 ingressos
387 1942 485 1980 fines
507 1954 599 1981 suos
620 1949 773 1982 uastare
795 1942 984 1994 belloque
1012 1943 1064 1981 ad
1085 1941 1235 1981 bellum
1256 1956 1407 1994 cogere.

34 1995 44 2025 ³5
71 2005 235 2044 Lucano
255 2007 405 2057 populo
425 2006 518 2046 satis
540 2020 736 2058 superque
760 2014 929 2047 erratum
963 2008 1193 2058 quondam:
1224 2021 1331 2047 nunc
1358 2008 1411 2048 ita
1433 2021 1470 2044 12

34 2103 43 2126 7
69 2069 290 2110 obstinatos
315 2072 471 2110 animos
501 2085 586 2111 esse
616 2079 658 2111 ut
686 2072 818 2112 omnia
850 2074 948 2112 ferre
979 2087 1026 2112 ac
1055 2072 1136 2124 p'ati
1168 2073 1411 2113 tolerabilius

39 2183 42 2198 ε
113 2175 135 2205 6
162 2173 287 2205 elicere
311 2173 608 2215 fflFUpOTDLA
635 2174 710 2216 (sed
729 2176 763 2206 in
797 2175 829 2206 Ο
857 2179 934 2216 post
955 2178 1145 2219 certamen)
1159 2189 1168 2209 ε
1202 2179 1330 2219 eligere
1359 2178 1409 2212 P:

40 2227 42 2235 ¹
71 2217 183 2248 dicere
200 2217 241 2248 M
254 2217 395 2258 (ducere
413 2217 481 2260 M⁴)
624 2229 646 2258 9
670 2219 782 2259 placet
800 2218 1095 2260 MPUpOTDLA
1113 2232 1120 2252 :
1145 2222 1278 2263 placeat
1294 2222 1329 2252 F

40 2269 42 2272 ’
73 2270 109 2292 11
137 2261 318 2302 perlicere]
336 2261 373 2301 ej]
390 2271 421 2300 3.
438 2272 491 2301 44.
510 2273 530 2301 4
545 2265 575 2293 et
588 2273 618 2301 4.
642 2273 690 2302 15.
710 2264 732 2293 6
889 2264 1065 2303 ingressos
1084 2265 1170 2296 fines
1187 2276 1267 2298 suos
1283 2265 1409 2308 MPUp

38 2327 44 2342 ,
71 2303 237 2335 OTDLA
250 2303 325 2346 (sed
337 2315 413 2336 -sus
428 2304 475 2346 A,
490 2315 562 2337 -sos
578 2305 644 2345 24²)
660 2317 667 2337 ε
690 2306 777 2338 fines
793 2316 871 2338 suos
889 2307 1064 2346 ingressos
1075 2307 1109 2339 F
1120 2309 1217 2349 (fort.
1232 2310 1408 2351 ingressos

38 2367 57 2383 2„
69 2347 244 2381 delendum
261 2353 309 2380 est
315 2359 329 2388 ;
347 2348 416 2380 uid.
431 2348 511 2381 adn.
531 2353 680 2382 nostram
697 2350 746 2381 ad
757 2349 866 2390 Prnefi
887 2350 967 2382 Liui
983 2353 998 2390 5
1018 2351 1052 2393 5)
