<?xml version="1.0" encoding="UTF-8"?>
<!DOCTYPE html PUBLIC "-//W3C//DTD XHTML 1.0 Transitional//EN"
    "http://www.w3.org/TR/xhtml1/DTD/xhtml1-transitional.dtd">
<html xmlns="http://www.w3.org/1999/xhtml" xml:lang="en" lang="en">
 <head>
  <title>
</title>
<meta http-equiv="Content-Type" content="text/html;charset=utf-8" />
  <meta name='ocr-system' content='tesseract 3.04.00' />
  <meta name='ocr-capabilities' content='ocr_page ocr_carea ocr_par ocr_line ocrx_word'/>
</head>
<body>
  <div class='ocr_page' id='page_1' title='image "./aburbeconditarec02livyuoft_0170.png"; bbox 0 0 1722 2748; ppageno 0'>
   <div class='ocr_carea' id='block_1_1' title="bbox 243 154 1129 200">
    <p class='ocr_par' dir='ltr' id='par_1_1' title="bbox 243 154 1129 200">
     <span class='ocr_line' id='line_1_1' title="bbox 243 154 1129 200; baseline 0.003 -10"><span class='ocrx_word' id='word_1_1' title='bbox 243 154 324 191; x_wconf 95' lang='lat' dir='ltr'><strong>VII</strong></span> <span class='ocrx_word' id='word_1_2' title='bbox 346 163 403 200; x_wconf 85' lang='lat'><strong>40</strong></span> <span class='ocrx_word' id='word_1_3' title='bbox 429 167 465 200; x_wconf 82' lang='lat'><strong>¹3</strong></span> <span class='ocrx_word' id='word_1_4' title='bbox 860 155 979 193; x_wconf 89' lang='grc' dir='ltr'>ΤΙΤΙ</span> <span class='ocrx_word' id='word_1_5' title='bbox 1014 155 1129 193; x_wconf 88' lang='lat' dir='ltr'>LIVI</span> 
     </span>
    </p>
   </div>
   <div class='ocr_carea' id='block_1_2' title="bbox 260 262 1675 2088">
    <p class='ocr_par' dir='ltr' id='par_1_2' title="bbox 260 262 1675 2088">
     <span class='ocr_line' id='line_1_2' title="bbox 327 262 1669 317; baseline 0.003 -16"><span class='ocrx_word' id='word_1_6' title='bbox 327 263 422 301; x_wconf 90' lang='lat' dir='ltr'><strong>dum</strong></span> <span class='ocrx_word' id='word_1_7' title='bbox 453 262 538 312; x_wconf 88' lang='lat' dir='ltr'><strong>erit,</strong></span> <span class='ocrx_word' id='word_1_8' title='bbox 562 270 646 302; x_wconf 89' lang='lat' dir='ltr'><strong>tum</strong></span> <span class='ocrx_word' id='word_1_9' title='bbox 677 271 718 302; x_wconf 91' lang='lat' dir='ltr'><strong>tu</strong></span> <span class='ocrx_word' id='word_1_10' title='bbox 750 263 788 302; x_wconf 92' lang='lat' dir='ltr'><strong>in</strong></span> <span class='ocrx_word' id='word_1_11' title='bbox 820 263 1058 304; x_wconf 84' lang='lat' dir='ltr'><strong>nouissimos</strong></span> <span class='ocrx_word' id='word_1_12' title='bbox 1087 272 1126 304; x_wconf 88' lang='lat' dir='ltr'><strong>te</strong></span> <span class='ocrx_word' id='word_1_13' title='bbox 1155 264 1345 316; x_wconf 86' lang='lat' dir='ltr'><strong>recipito;</strong></span> <span class='ocrx_word' id='word_1_14' title='bbox 1379 266 1522 317; x_wconf 89' lang='lat' dir='ltr'><strong>fugeris</strong></span> <span class='ocrx_word' id='word_1_15' title='bbox 1551 265 1669 305; x_wconf 85' lang='lat' dir='ltr'><strong>etiam</strong></span> 
     </span>
     <span class='ocr_line' id='line_1_3' title="bbox 326 329 1670 382; baseline 0.003 -15"><span class='ocrx_word' id='word_1_16' title='bbox 326 329 533 368; x_wconf 87' lang='lat' dir='ltr'>honestius</span> <span class='ocrx_word' id='word_1_17' title='bbox 564 336 798 380; x_wconf 85' lang='lat' dir='ltr'>tergumque</span> <span class='ocrx_word' id='word_1_18' title='bbox 828 329 906 368; x_wconf 90' lang='lat' dir='ltr'><strong>ciui</strong></span> <span class='ocrx_word' id='word_1_19' title='bbox 937 330 1094 369; x_wconf 87' lang='lat' dir='ltr'><strong>dederis</strong></span> <span class='ocrx_word' id='word_1_20' title='bbox 1118 344 1237 381; x_wconf 86' lang='lat' dir='ltr'><strong>quam</strong></span> <span class='ocrx_word' id='word_1_21' title='bbox 1269 331 1506 382; x_wconf 86' lang='lat' dir='ltr'><strong>pugnaueris</strong></span> <span class='ocrx_word' id='word_1_22' title='bbox 1533 338 1670 371; x_wconf 84' lang='lat' dir='ltr'><strong>contra</strong></span> 
     </span>
     <span class='ocr_line' id='line_1_4' title="bbox 270 393 1671 447; baseline -0.001 -11"><span class='ocrx_word' id='word_1_23' title='bbox 270 414 306 445; x_wconf 79' lang='lat'><strong>¹4</strong></span> <span class='ocrx_word' id='word_1_24' title='bbox 327 393 505 444; x_wconf 85' lang='lat' dir='ltr'><strong>patriam.</strong></span> <span class='ocrx_word' id='word_1_25' title='bbox 565 396 685 434; x_wconf 89' lang='lat' dir='ltr'><strong>Nunc</strong></span> <span class='ocrx_word' id='word_1_26' title='bbox 705 396 757 434; x_wconf 83' lang='lat' dir='ltr'><strong>ad</strong></span> <span class='ocrx_word' id='word_1_27' title='bbox 779 394 1073 446; x_wconf 85' lang='lat' dir='ltr'><strong>pacificandum</strong></span> <span class='ocrx_word' id='word_1_28' title='bbox 1102 394 1206 435; x_wconf 83' lang='lat' dir='ltr'><strong>bene</strong></span> <span class='ocrx_word' id='word_1_29' title='bbox 1232 403 1351 447; x_wconf 90' lang='lat' dir='ltr'><strong>atque</strong></span> <span class='ocrx_word' id='word_1_30' title='bbox 1381 396 1547 436; x_wconf 88' lang='lat' dir='ltr'><strong>honeste</strong></span> <span class='ocrx_word' id='word_1_31' title='bbox 1570 395 1671 435; x_wconf 90' lang='lat' dir='ltr'><strong>inter</strong></span> 
     </span>
     <span class='ocr_line' id='line_1_5' title="bbox 327 458 1667 514; baseline 0.001 -16"><span class='ocrx_word' id='word_1_32' title='bbox 327 458 475 511; x_wconf 88' lang='lat' dir='ltr'><strong>primos</strong></span> <span class='ocrx_word' id='word_1_33' title='bbox 505 460 628 500; x_wconf 87' lang='lat' dir='ltr'><strong>stabis</strong></span> <span class='ocrx_word' id='word_1_34' title='bbox 661 468 699 500; x_wconf 91' lang='lat' dir='ltr'><strong>et</strong></span> <span class='ocrx_word' id='word_1_35' title='bbox 727 460 934 511; x_wconf 82' lang='lat' dir='ltr'>conloquii</span> <span class='ocrx_word' id='word_1_36' title='bbox 962 460 1080 500; x_wconf 87' lang='lat' dir='ltr'><strong>huius</strong></span> <span class='ocrx_word' id='word_1_37' title='bbox 1110 460 1288 500; x_wconf 84' lang='lat' dir='ltr'><strong>salutaris</strong></span> <span class='ocrx_word' id='word_1_38' title='bbox 1318 462 1508 514; x_wconf 86' lang='lat' dir='ltr'><strong>interpres</strong></span> <span class='ocrx_word' id='word_1_39' title='bbox 1538 462 1667 501; x_wconf 91' lang='lat' dir='ltr'><strong>fueris.</strong></span> 
     </span>
     <span class='ocr_line' id='line_1_6' title="bbox 329 525 1670 578; baseline 0.002 -15"><span class='ocrx_word' id='word_1_40' title='bbox 329 526 532 565; x_wconf 88' lang='lat' dir='ltr'><strong>Postulate</strong></span> <span class='ocrx_word' id='word_1_41' title='bbox 551 539 679 577; x_wconf 88' lang='lat' dir='ltr'><strong>aequa</strong></span> <span class='ocrx_word' id='word_1_42' title='bbox 695 533 734 565; x_wconf 90' lang='lat' dir='ltr'><strong>et</strong></span> <span class='ocrx_word' id='word_1_43' title='bbox 751 527 848 566; x_wconf 85' lang='lat' dir='ltr'><strong>ferte</strong></span> <span class='ocrx_word' id='word_1_44' title='bbox 867 540 877 574; x_wconf 84' lang='lat'><em>3</em></span> <span class='ocrx_word' id='word_1_45' title='bbox 906 538 1149 576; x_wconf 87' lang='lat' dir='ltr'><strong>quamquam</strong></span> <span class='ocrx_word' id='word_1_46' title='bbox 1166 527 1230 565; x_wconf 90' lang='lat' dir='ltr'><strong>uel</strong></span> <span class='ocrx_word' id='word_1_47' title='bbox 1247 525 1392 578; x_wconf 86' lang='lat' dir='ltr'><strong>iniquis</strong></span> <span class='ocrx_word' id='word_1_48' title='bbox 1408 527 1595 567; x_wconf 90' lang='lat' dir='ltr'><strong>standum</strong></span> <span class='ocrx_word' id='word_1_49' title='bbox 1611 534 1670 567; x_wconf 92' lang='lat' dir='ltr'><strong>est</strong></span> 
     </span>
     <span class='ocr_line' id='line_1_7' title="bbox 327 589 1436 643; baseline 0.001 -14"><span class='ocrx_word' id='word_1_50' title='bbox 327 589 459 642; x_wconf 89' lang='lat' dir='ltr'><strong>potius</strong></span> <span class='ocrx_word' id='word_1_51' title='bbox 479 605 600 642; x_wconf 87' lang='lat' dir='ltr'><strong>quam</strong></span> <span class='ocrx_word' id='word_1_52' title='bbox 622 591 761 643; x_wconf 87' lang='lat' dir='ltr'><strong>impias</strong></span> <span class='ocrx_word' id='word_1_53' title='bbox 783 591 884 631; x_wconf 91' lang='lat' dir='ltr'><strong>inter</strong></span> <span class='ocrx_word' id='word_1_54' title='bbox 904 605 977 630; x_wconf 89' lang='lat' dir='ltr'><strong>nos</strong></span> <span class='ocrx_word' id='word_1_55' title='bbox 997 604 1251 631; x_wconf 86' lang='lat' dir='ltr'><strong>conseramus</strong></span> <span class='ocrx_word' id='word_1_56' title='bbox 1272 593 1436 632; x_wconf 61' lang='lat' dir='ltr'><strong>manus?</strong></span> 
     </span>
     <span class='ocr_line' id='line_1_8' title="bbox 268 656 1670 710; baseline 0.004 -17"><span class='ocrx_word' id='word_1_57' title='bbox 268 670 307 703; x_wconf 83' lang='lat'><strong>¹5</strong></span> <span class='ocrx_word' id='word_1_58' title='bbox 382 658 430 695; x_wconf 92' lang='lat' dir='ltr'><strong>T.</strong></span> <span class='ocrx_word' id='word_1_59' title='bbox 453 656 666 707; x_wconf 83' lang='lat' dir='ltr'><strong>Quinctius</strong></span> <span class='ocrx_word' id='word_1_60' title='bbox 687 659 829 709; x_wconf 88' lang='lat' dir='ltr'><strong>plenus</strong></span> <span class='ocrx_word' id='word_1_61' title='bbox 851 656 1099 696; x_wconf 84' lang='lat' dir='ltr'><strong>lacrimarum</strong></span> <span class='ocrx_word' id='word_1_62' title='bbox 1120 658 1173 696; x_wconf 86' lang='lat' dir='ltr'><strong>ad</strong></span> <span class='ocrx_word' id='word_1_63' title='bbox 1194 671 1286 697; x_wconf 88' lang='lat' dir='ltr'><strong>suos</strong></span> <span class='ocrx_word' id='word_1_64' title='bbox 1308 671 1444 698; x_wconf 91' lang='lat' dir='ltr'><strong>uersus</strong></span> <span class='ocrx_word' id='word_1_65' title='bbox 1467 661 1554 699; x_wconf 91' lang='lat' dir='ltr'><strong>‘me</strong></span> <span class='ocrx_word' id='word_1_66' title='bbox 1574 672 1670 710; x_wconf 90' lang='lat' dir='ltr'><strong>quo-</strong></span> 
     </span>
     <span class='ocr_line' id='line_1_9' title="bbox 327 722 1675 776; baseline 0.003 -15"><span class='ocrx_word' id='word_1_67' title='bbox 327 724 427 773; x_wconf 88' lang='lat' dir='ltr'><strong>que’</strong></span> <span class='ocrx_word' id='word_1_68' title='bbox 454 722 594 774; x_wconf 87' lang='lat' dir='ltr'><strong>inquit,</strong></span> <span class='ocrx_word' id='word_1_69' title='bbox 624 723 801 772; x_wconf 90' lang='lat' dir='ltr'><strong>‘milites,</strong></span> <span class='ocrx_word' id='word_1_70' title='bbox 825 723 856 763; x_wconf 92' lang='lat' dir='ltr'><strong>si</strong></span> <span class='ocrx_word' id='word_1_71' title='bbox 887 723 976 774; x_wconf 90' lang='lat' dir='ltr'><strong>quis</strong></span> <span class='ocrx_word' id='word_1_72' title='bbox 1006 737 1100 763; x_wconf 88' lang='lat' dir='ltr'><strong>usus</strong></span> <span class='ocrx_word' id='word_1_73' title='bbox 1130 723 1207 763; x_wconf 88' lang='lat' dir='ltr'><strong>mei</strong></span> <span class='ocrx_word' id='word_1_74' title='bbox 1235 731 1304 772; x_wconf 91' lang='lat' dir='ltr'><strong>est,</strong></span> <span class='ocrx_word' id='word_1_75' title='bbox 1331 725 1536 764; x_wconf 89' lang='lat' dir='ltr'><strong>meliorem</strong></span> <span class='ocrx_word' id='word_1_76' title='bbox 1560 724 1675 776; x_wconf 84' lang='lat' dir='ltr'><strong>pacis</strong></span> 
     </span>
     <span class='ocr_line' id='line_1_10' title="bbox 268 789 1669 840; baseline 0.001 -11"><span class='ocrx_word' id='word_1_77' title='bbox 268 797 307 829; x_wconf 85' lang='lat'><strong>16</strong></span> <span class='ocrx_word' id='word_1_78' title='bbox 328 801 447 840; x_wconf 89' lang='lat' dir='ltr'><strong>quam</strong></span> <span class='ocrx_word' id='word_1_79' title='bbox 479 789 571 828; x_wconf 91' lang='lat' dir='ltr'><strong>belli</strong></span> <span class='ocrx_word' id='word_1_80' title='bbox 601 789 756 829; x_wconf 88' lang='lat' dir='ltr'><strong>habetis</strong></span> <span class='ocrx_word' id='word_1_81' title='bbox 789 790 945 829; x_wconf 91' lang='lat' dir='ltr'><strong>ducem.</strong></span> <span class='ocrx_word' id='word_1_82' title='bbox 1008 791 1100 829; x_wconf 93' lang='lat' dir='ltr'><strong>Non</strong></span> <span class='ocrx_word' id='word_1_83' title='bbox 1131 789 1237 829; x_wconf 89' lang='lat' dir='ltr'><strong>enim</strong></span> <span class='ocrx_word' id='word_1_84' title='bbox 1265 789 1331 829; x_wconf 88' lang='lat' dir='ltr'><strong>illa</strong></span> <span class='ocrx_word' id='word_1_85' title='bbox 1355 791 1478 830; x_wconf 91' lang='lat' dir='ltr'><strong>modo</strong></span> <span class='ocrx_word' id='word_1_86' title='bbox 1498 791 1669 831; x_wconf 91' lang='lat' dir='ltr'><strong>Volscus</strong></span> 
     </span>
     <span class='ocr_line' id='line_1_11' title="bbox 327 851 1670 902; baseline 0.002 -13"><span class='ocrx_word' id='word_1_87' title='bbox 327 858 394 890; x_wconf 86' lang='lat' dir='ltr'><strong>aut</strong></span> <span class='ocrx_word' id='word_1_88' title='bbox 415 852 571 891; x_wconf 87' lang='lat' dir='ltr'><strong>Samnis</strong></span> <span class='ocrx_word' id='word_1_89' title='bbox 599 853 669 892; x_wconf 88' lang='lat' dir='ltr'><strong>sed</strong></span> <span class='ocrx_word' id='word_1_90' title='bbox 699 854 906 892; x_wconf 89' lang='lat' dir='ltr'><strong>Romanus</strong></span> <span class='ocrx_word' id='word_1_91' title='bbox 934 852 1056 891; x_wconf 86' lang='lat' dir='ltr'><strong>uerba</strong></span> <span class='ocrx_word' id='word_1_92' title='bbox 1083 851 1185 900; x_wconf 89' lang='lat' dir='ltr'><strong>fecit,</strong></span> <span class='ocrx_word' id='word_1_93' title='bbox 1208 860 1340 892; x_wconf 90' lang='lat' dir='ltr'><strong>uester</strong></span> <span class='ocrx_word' id='word_1_94' title='bbox 1365 853 1520 902; x_wconf 90' lang='lat' dir='ltr'><strong>consul,</strong></span> <span class='ocrx_word' id='word_1_95' title='bbox 1539 861 1670 893; x_wconf 88' lang='lat' dir='ltr'><strong>uester</strong></span> 
     </span>
     <span class='ocr_line' id='line_1_12' title="bbox 329 917 1669 969; baseline 0.001 -13"><span class='ocrx_word' id='word_1_96' title='bbox 329 918 550 968; x_wconf 89' lang='lat' dir='ltr'><strong>imperator,</strong></span> <span class='ocrx_word' id='word_1_97' title='bbox 583 917 738 966; x_wconf 87' lang='lat' dir='ltr'><strong>milites,</strong></span> <span class='ocrx_word' id='word_1_98' title='bbox 772 919 884 957; x_wconf 88' lang='lat' dir='ltr'><strong>cuius</strong></span> <span class='ocrx_word' id='word_1_99' title='bbox 914 917 1092 968; x_wconf 86' lang='lat' dir='ltr'><strong>auspicia</strong></span> <span class='ocrx_word' id='word_1_100' title='bbox 1122 931 1194 969; x_wconf 90' lang='lat' dir='ltr'><strong>pro</strong></span> <span class='ocrx_word' id='word_1_101' title='bbox 1222 917 1338 957; x_wconf 92' lang='lat' dir='ltr'><strong>uobis</strong></span> <span class='ocrx_word' id='word_1_102' title='bbox 1367 917 1517 969; x_wconf 90' lang='lat' dir='ltr'><strong>experti</strong></span> <span class='ocrx_word' id='word_1_103' title='bbox 1545 918 1669 959; x_wconf 90' lang='lat' dir='ltr'><strong>nolite</strong></span> 
     </span>
     <span class='ocr_line' id='line_1_13' title="bbox 270 982 1667 1034; baseline 0.001 -12"><span class='ocrx_word' id='word_1_104' title='bbox 270 995 306 1029; x_wconf 83' lang='lat'><strong>17</strong></span> <span class='ocrx_word' id='word_1_105' title='bbox 326 984 518 1022; x_wconf 87' lang='lat' dir='ltr'><strong>aduersus</strong></span> <span class='ocrx_word' id='word_1_106' title='bbox 567 997 640 1024; x_wconf 89' lang='lat' dir='ltr'><strong>uos</strong></span> <span class='ocrx_word' id='word_1_107' title='bbox 683 984 786 1023; x_wconf 89' lang='lat' dir='ltr'><strong>uelle</strong></span> <span class='ocrx_word' id='word_1_108' title='bbox 829 983 1005 1034; x_wconf 87' lang='lat' dir='ltr'><strong>experiri.</strong></span> <span class='ocrx_word' id='word_1_109' title='bbox 1076 982 1157 1033; x_wconf 88' lang='lat' dir='ltr'><strong>Qui</strong></span> <span class='ocrx_word' id='word_1_110' title='bbox 1200 991 1420 1034; x_wconf 87' lang='lat' dir='ltr'><strong>pugnarent</strong></span> <span class='ocrx_word' id='word_1_111' title='bbox 1457 982 1667 1028; x_wconf 90' lang='lat' dir='ltr'><strong>uobiscum</strong></span> 
     </span>
     <span class='ocr_line' id='line_1_14' title="bbox 327 1048 1666 1100; baseline 0 -12"><span class='ocrx_word' id='word_1_112' title='bbox 327 1048 517 1098; x_wconf 86' lang='lat' dir='ltr'><strong>infestius,</strong></span> <span class='ocrx_word' id='word_1_113' title='bbox 541 1057 579 1089; x_wconf 90' lang='lat' dir='ltr'><strong>et</strong></span> <span class='ocrx_word' id='word_1_114' title='bbox 599 1049 698 1089; x_wconf 90' lang='lat' dir='ltr'><strong>alios</strong></span> <span class='ocrx_word' id='word_1_115' title='bbox 719 1051 842 1090; x_wconf 92' lang='lat' dir='ltr'><strong>duces</strong></span> <span class='ocrx_word' id='word_1_116' title='bbox 865 1057 1024 1089; x_wconf 91' lang='lat' dir='ltr'><strong>senatus</strong></span> <span class='ocrx_word' id='word_1_117' title='bbox 1053 1048 1191 1088; x_wconf 87' lang='lat' dir='ltr'><strong>habuit</strong></span> <span class='ocrx_word' id='word_1_118' title='bbox 1211 1064 1219 1088; x_wconf 77' lang='lat' dir='ltr'><em>z</em></span> <span class='ocrx_word' id='word_1_119' title='bbox 1249 1049 1317 1100; x_wconf 91' lang='lat' dir='ltr'><strong>qui</strong></span> <span class='ocrx_word' id='word_1_120' title='bbox 1344 1048 1515 1089; x_wconf 84' lang='lat' dir='ltr'><strong>maxime</strong></span> <span class='ocrx_word' id='word_1_121' title='bbox 1538 1049 1666 1098; x_wconf 88' lang='lat' dir='ltr'><strong>uobis,</strong></span> 
     </span>
     <span class='ocr_line' id='line_1_15' title="bbox 327 1114 1665 1167; baseline 0.001 -13"><span class='ocrx_word' id='word_1_122' title='bbox 327 1114 407 1157; x_wconf 87' lang='lat' dir='ltr'><strong>suis</strong></span> <span class='ocrx_word' id='word_1_123' title='bbox 428 1114 629 1164; x_wconf 89' lang='lat' dir='ltr'><strong>militibus,</strong></span> <span class='ocrx_word' id='word_1_124' title='bbox 653 1123 840 1167; x_wconf 88' lang='lat' dir='ltr'><strong>parceret,</strong></span> <span class='ocrx_word' id='word_1_125' title='bbox 858 1115 923 1155; x_wconf 91' lang='lat' dir='ltr'><strong>cui</strong></span> <span class='ocrx_word' id='word_1_126' title='bbox 944 1115 1156 1167; x_wconf 87' lang='lat' dir='ltr'><strong>plurimum</strong></span> <span class='ocrx_word' id='word_1_127' title='bbox 1179 1128 1263 1164; x_wconf 88' lang='lat' dir='ltr'><strong>uos,</strong></span> <span class='ocrx_word' id='word_1_128' title='bbox 1282 1115 1507 1166; x_wconf 88' lang='lat' dir='ltr'><strong>imperatori</strong></span> <span class='ocrx_word' id='word_1_129' title='bbox 1522 1122 1665 1164; x_wconf 87' lang='lat' dir='ltr'><strong>uestro,</strong></span> 
     </span>
     <span class='ocr_line' id='line_1_16' title="bbox 270 1180 1668 1232; baseline 0 -12"><span class='ocrx_word' id='word_1_130' title='bbox 270 1191 306 1220; x_wconf 84' lang='lat'><strong>18</strong></span> <span class='ocrx_word' id='word_1_131' title='bbox 327 1180 549 1229; x_wconf 88' lang='lat' dir='ltr'><strong>crederetis,</strong></span> <span class='ocrx_word' id='word_1_132' title='bbox 581 1195 672 1220; x_wconf 89' lang='lat' dir='ltr'><strong>eum</strong></span> <span class='ocrx_word' id='word_1_133' title='bbox 701 1181 828 1232; x_wconf 87' lang='lat' dir='ltr'><strong>elegit.</strong></span> <span class='ocrx_word' id='word_1_134' title='bbox 890 1183 1032 1221; x_wconf 84' lang='lat' dir='ltr'><strong>Pacem</strong></span> <span class='ocrx_word' id='word_1_135' title='bbox 1065 1180 1182 1221; x_wconf 85' lang='lat' dir='ltr'><strong>etiam</strong></span> <span class='ocrx_word' id='word_1_136' title='bbox 1214 1180 1282 1232; x_wconf 91' lang='lat' dir='ltr'><strong>qui</strong></span> <span class='ocrx_word' id='word_1_137' title='bbox 1312 1180 1472 1220; x_wconf 88' lang='lat' dir='ltr'><strong>uincere</strong></span> <span class='ocrx_word' id='word_1_138' title='bbox 1501 1188 1668 1232; x_wconf 90' lang='lat' dir='ltr'><strong>possunt</strong></span> 
     </span>
     <span class='ocr_line' id='line_1_17' title="bbox 268 1237 1665 1300; baseline -0.001 -14"><span class='ocrx_word' id='word_1_139' title='bbox 268 1267 307 1300; x_wconf 88' lang='lat'><strong>¹9</strong></span> <span class='ocrx_word' id='word_1_140' title='bbox 326 1248 490 1286; x_wconf 89' lang='lat' dir='ltr'><strong>uolunt:</strong></span> <span class='ocrx_word' id='word_1_141' title='bbox 524 1246 621 1298; x_wconf 88' lang='lat' dir='ltr'><strong>quid</strong></span> <span class='ocrx_word' id='word_1_142' title='bbox 648 1260 720 1287; x_wconf 89' lang='lat' dir='ltr'><strong>nos</strong></span> <span class='ocrx_word' id='word_1_143' title='bbox 746 1248 850 1287; x_wconf 92' lang='lat' dir='ltr'><strong>uelle</strong></span> <span class='ocrx_word' id='word_1_144' title='bbox 879 1248 1064 1298; x_wconf 87' lang='lat' dir='ltr'><strong>oportet?</strong></span> <span class='ocrx_word' id='word_1_145' title='bbox 1122 1246 1230 1297; x_wconf 90' lang='lat' dir='ltr'><strong>Quin</strong></span> <span class='ocrx_word' id='word_1_146' title='bbox 1255 1245 1411 1286; x_wconf 89' lang='lat' dir='ltr'><strong>omissis</strong></span> <span class='ocrx_word' id='word_1_147' title='bbox 1437 1237 1558 1286; x_wconf 24' lang='lat' dir='ltr'><strong>ira-et</strong></span> <span class='ocrx_word' id='word_1_148' title='bbox 1585 1260 1665 1298; x_wconf 90' lang='lat' dir='ltr'><strong>spe,</strong></span> 
     </span>
     <span class='ocr_line' id='line_1_18' title="bbox 327 1311 1668 1363; baseline -0.001 -11"><span class='ocrx_word' id='word_1_149' title='bbox 327 1312 533 1353; x_wconf 88' lang='lat' dir='ltr'><strong>fallacibus</strong></span> <span class='ocrx_word' id='word_1_150' title='bbox 561 1312 806 1361; x_wconf 86' lang='lat' dir='ltr'><strong>auctoribus,</strong></span> <span class='ocrx_word' id='word_1_151' title='bbox 836 1326 908 1352; x_wconf 92' lang='lat' dir='ltr'><strong>nos</strong></span> <span class='ocrx_word' id='word_1_152' title='bbox 943 1312 1049 1363; x_wconf 91' lang='lat' dir='ltr'><strong>ipsos</strong></span> <span class='ocrx_word' id='word_1_153' title='bbox 1078 1320 1292 1363; x_wconf 85' lang='lat' dir='ltr'><strong>nostraque</strong></span> <span class='ocrx_word' id='word_1_154' title='bbox 1321 1313 1456 1351; x_wconf 86' lang='lat' dir='ltr'><strong>omnia</strong></span> <span class='ocrx_word' id='word_1_155' title='bbox 1485 1311 1668 1363; x_wconf 87' lang='lat' dir='ltr'><strong>cognitae</strong></span> 
     </span>
     <span class='ocr_line' id='line_1_19' title="bbox 260 1377 1666 1435; baseline -0.001 -16"><span class='ocrx_word' id='word_1_156' title='bbox 260 1397 305 1435; x_wconf 86' lang='lat'><strong>41</strong></span> <span class='ocrx_word' id='word_1_157' title='bbox 327 1379 591 1430; x_wconf 91' lang='lat' dir='ltr'><strong>permittimus</strong></span> <span class='ocrx_word' id='word_1_158' title='bbox 631 1380 776 1419; x_wconf 86' lang='lat' dir='ltr'><strong>fidei?&#39;</strong></span> <span class='ocrx_word' id='word_1_159' title='bbox 846 1378 1175 1430; x_wconf 87' lang='lat' dir='ltr'><strong>Approbantibus</strong></span> <span class='ocrx_word' id='word_1_160' title='bbox 1214 1379 1388 1418; x_wconf 88' lang='lat' dir='ltr'><strong>clamore</strong></span> <span class='ocrx_word' id='word_1_161' title='bbox 1425 1377 1580 1418; x_wconf 88' lang='lat' dir='ltr'><strong>cunctis</strong></span> <span class='ocrx_word' id='word_1_162' title='bbox 1618 1379 1666 1418; x_wconf 92' lang='lat' dir='ltr'><strong>T.</strong></span> 
     </span>
     <span class='ocr_line' id='line_1_20' title="bbox 328 1442 1668 1496; baseline -0.001 -12"><span class='ocrx_word' id='word_1_163' title='bbox 328 1444 541 1495; x_wconf 86' lang='lat' dir='ltr'><strong>Quinctius</strong></span> <span class='ocrx_word' id='word_1_164' title='bbox 557 1452 648 1484; x_wconf 88' lang='lat' dir='ltr'><strong>ante</strong></span> <span class='ocrx_word' id='word_1_165' title='bbox 665 1444 775 1496; x_wconf 88' lang='lat' dir='ltr'><strong>signa</strong></span> <span class='ocrx_word' id='word_1_166' title='bbox 792 1458 1018 1496; x_wconf 87' lang='lat' dir='ltr'><strong>progressus</strong></span> <span class='ocrx_word' id='word_1_167' title='bbox 1036 1444 1075 1483; x_wconf 91' lang='lat' dir='ltr'><strong>in</strong></span> <span class='ocrx_word' id='word_1_168' title='bbox 1093 1451 1288 1495; x_wconf 88' lang='lat' dir='ltr'><strong>potestate</strong></span> <span class='ocrx_word' id='word_1_169' title='bbox 1305 1444 1508 1483; x_wconf 90' lang='lat' dir='ltr'><strong>dictatoris</strong></span> <span class='ocrx_word' id='word_1_170' title='bbox 1525 1442 1668 1483; x_wconf 88' lang='lat' dir='ltr'><strong>milites</strong></span> 
     </span>
     <span class='ocr_line' id='line_1_21' title="bbox 327 1507 1668 1560; baseline -0.001 -10"><span class='ocrx_word' id='word_1_171' title='bbox 327 1512 409 1551; x_wconf 88' lang='lat' dir='ltr'><strong>sore</strong></span> <span class='ocrx_word' id='word_1_172' title='bbox 436 1510 558 1560; x_wconf 81' lang='lat' dir='ltr'><strong>dixit3</strong></span> <span class='ocrx_word' id='word_1_173' title='bbox 588 1510 715 1550; x_wconf 84' lang='lat' dir='ltr'><strong>orauit</strong></span> <span class='ocrx_word' id='word_1_174' title='bbox 745 1519 786 1550; x_wconf 91' lang='lat' dir='ltr'><strong>ut</strong></span> <span class='ocrx_word' id='word_1_175' title='bbox 817 1524 977 1550; x_wconf 88' lang='lat' dir='ltr'><strong>causam</strong></span> <span class='ocrx_word' id='word_1_176' title='bbox 1013 1510 1242 1550; x_wconf 89' lang='lat' dir='ltr'><strong>miserorum</strong></span> <span class='ocrx_word' id='word_1_177' title='bbox 1275 1509 1423 1549; x_wconf 90' lang='lat' dir='ltr'><strong>ciuium</strong></span> <span class='ocrx_word' id='word_1_178' title='bbox 1451 1507 1668 1560; x_wconf 91' lang='lat' dir='ltr'><strong>susciperet</strong></span> 
     </span>
     <span class='ocr_line' id='line_1_22' title="bbox 326 1573 1669 1628; baseline -0.001 -12"><span class='ocrx_word' id='word_1_179' title='bbox 326 1584 633 1628; x_wconf 86' lang='lat' dir='ltr'><strong>susceptamque</strong></span> <span class='ocrx_word' id='word_1_180' title='bbox 660 1577 911 1616; x_wconf 87' lang='lat' dir='ltr'><strong>eadem-fide</strong></span> <span class='ocrx_word' id='word_1_181' title='bbox 941 1590 1020 1627; x_wconf 88' lang='lat' dir='ltr'><strong>qua</strong></span> <span class='ocrx_word' id='word_1_182' title='bbox 1049 1589 1130 1615; x_wconf 91' lang='lat' dir='ltr'><strong>rem</strong></span> <span class='ocrx_word' id='word_1_183' title='bbox 1163 1575 1364 1627; x_wconf 85' lang='lat' dir='ltr'><strong>publicam</strong></span> <span class='ocrx_word' id='word_1_184' title='bbox 1393 1573 1669 1615; x_wconf 89' lang='lat' dir='ltr'><strong>administrare</strong></span> 
     </span>
     <span class='ocr_line' id='line_1_23' title="bbox 288 1638 1668 1693; baseline -0.001 -12"><span class='ocrx_word' id='word_1_185' title='bbox 288 1660 303 1681; x_wconf 90' lang='lat'>2</span> <span class='ocrx_word' id='word_1_186' title='bbox 326 1643 464 1684; x_wconf 90' lang='lat' dir='ltr'><strong>solitus</strong></span> <span class='ocrx_word' id='word_1_187' title='bbox 491 1638 594 1682; x_wconf 87' lang='lat' dir='ltr'><strong>esset</strong></span> <span class='ocrx_word' id='word_1_188' title='bbox 621 1651 816 1682; x_wconf 87' lang='lat' dir='ltr'><strong>tueretur:</strong></span> <span class='ocrx_word' id='word_1_189' title='bbox 848 1642 923 1682; x_wconf 90' lang='lat' dir='ltr'><strong>sibi</strong></span> <span class='ocrx_word' id='word_1_190' title='bbox 948 1655 990 1682; x_wconf 90' lang='lat' dir='ltr'><strong>se</strong></span> <span class='ocrx_word' id='word_1_191' title='bbox 1021 1641 1203 1693; x_wconf 86' lang='lat' dir='ltr'><strong>priuatim</strong></span> <span class='ocrx_word' id='word_1_192' title='bbox 1233 1640 1330 1680; x_wconf 88' lang='lat' dir='ltr'><strong>nihil</strong></span> <span class='ocrx_word' id='word_1_193' title='bbox 1359 1653 1525 1689; x_wconf 82' lang='lat' dir='ltr'><strong>cauere3</strong></span> <span class='ocrx_word' id='word_1_194' title='bbox 1563 1641 1668 1680; x_wconf 91' lang='lat' dir='ltr'><strong>nolle</strong></span> 
     </span>
     <span class='ocr_line' id='line_1_24' title="bbox 323 1705 1669 1760; baseline -0.003 -11"><span class='ocrx_word' id='word_1_195' title='bbox 323 1709 418 1749; x_wconf 85' lang='lat' dir='ltr'><strong>alibi</strong></span> <span class='ocrx_word' id='word_1_196' title='bbox 439 1723 558 1760; x_wconf 88' lang='lat' dir='ltr'><strong>quam</strong></span> <span class='ocrx_word' id='word_1_197' title='bbox 580 1708 620 1748; x_wconf 94' lang='lat' dir='ltr'><strong>in</strong></span> <span class='ocrx_word' id='word_1_198' title='bbox 643 1708 871 1748; x_wconf 87' lang='lat' dir='ltr'><strong>innocentia</strong></span> <span class='ocrx_word' id='word_1_199' title='bbox 891 1722 1002 1760; x_wconf 88' lang='lat' dir='ltr'><strong>spem</strong></span> <span class='ocrx_word' id='word_1_200' title='bbox 1020 1708 1192 1757; x_wconf 83' lang='lat' dir='ltr'><strong>habere3</strong></span> <span class='ocrx_word' id='word_1_201' title='bbox 1222 1705 1412 1746; x_wconf 85' lang='lat' dir='ltr'><strong>militibus</strong></span> <span class='ocrx_word' id='word_1_202' title='bbox 1427 1706 1669 1755; x_wconf 85' lang='lat' dir='ltr'><strong>cauendum,</strong></span> 
     </span>
     <span class='ocr_line' id='line_1_25' title="bbox 325 1771 1667 1827; baseline -0.003 -13"><span class='ocrx_word' id='word_1_203' title='bbox 325 1777 435 1827; x_wconf 87' lang='lat' dir='ltr'><strong>quod</strong></span> <span class='ocrx_word' id='word_1_204' title='bbox 455 1776 563 1827; x_wconf 86' lang='lat' dir='ltr'><strong>apud</strong></span> <span class='ocrx_word' id='word_1_205' title='bbox 584 1783 712 1826; x_wconf 85' lang='lat' dir='ltr'><strong>patres</strong></span> <span class='ocrx_word' id='word_1_206' title='bbox 734 1776 856 1814; x_wconf 89' lang='lat' dir='ltr'><strong>semel</strong></span> <span class='ocrx_word' id='word_1_207' title='bbox 882 1773 1004 1825; x_wconf 82' lang='lat' dir='ltr'><strong>plebi,</strong></span> <span class='ocrx_word' id='word_1_208' title='bbox 1026 1773 1165 1813; x_wconf 88' lang='lat' dir='ltr'><strong>iterum</strong></span> <span class='ocrx_word' id='word_1_209' title='bbox 1189 1771 1411 1825; x_wconf 89' lang='lat' dir='ltr'><strong>legionibus</strong></span> <span class='ocrx_word' id='word_1_210' title='bbox 1435 1779 1595 1812; x_wconf 86' lang='lat' dir='ltr'><strong>cautum</strong></span> <span class='ocrx_word' id='word_1_211' title='bbox 1618 1771 1667 1810; x_wconf 90' lang='lat' dir='ltr'><strong>sit</strong></span> 
     </span>
     <span class='ocr_line' id='line_1_26' title="bbox 326 1839 848 1880; baseline -0.004 0"><span class='ocrx_word' id='word_1_212' title='bbox 326 1854 375 1880; x_wconf 93' lang='lat' dir='ltr'><strong>ne</strong></span> <span class='ocrx_word' id='word_1_213' title='bbox 397 1842 521 1880; x_wconf 84' lang='lat' dir='ltr'><strong>fraudi</strong></span> <span class='ocrx_word' id='word_1_214' title='bbox 543 1839 713 1879; x_wconf 90' lang='lat' dir='ltr'><strong>secessio</strong></span> <span class='ocrx_word' id='word_1_215' title='bbox 733 1848 848 1879; x_wconf 90' lang='lat' dir='ltr'><strong>esset.</strong></span> 
     </span>
     <span class='ocr_line' id='line_1_27' title="bbox 287 1902 1668 1958; baseline -0.001 -14"><span class='ocrx_word' id='word_1_216' title='bbox 287 1928 305 1958; x_wconf 77' lang='lat'><strong>3</strong></span> <span class='ocrx_word' id='word_1_217' title='bbox 380 1905 571 1956; x_wconf 84' lang='lat' dir='ltr'><strong>Quinctio</strong></span> <span class='ocrx_word' id='word_1_218' title='bbox 587 1907 840 1954; x_wconf 83' lang='lat' dir='ltr'><strong>conlaudato,</strong></span> <span class='ocrx_word' id='word_1_219' title='bbox 857 1904 996 1945; x_wconf 88' lang='lat' dir='ltr'><strong>ceteris</strong></span> <span class='ocrx_word' id='word_1_220' title='bbox 1015 1905 1165 1945; x_wconf 89' lang='lat' dir='ltr'><strong>bonum</strong></span> <span class='ocrx_word' id='word_1_221' title='bbox 1182 1904 1359 1944; x_wconf 89' lang='lat' dir='ltr'><strong>animum</strong></span> <span class='ocrx_word' id='word_1_222' title='bbox 1376 1904 1523 1944; x_wconf 88' lang='lat' dir='ltr'><strong>habere</strong></span> <span class='ocrx_word' id='word_1_223' title='bbox 1539 1902 1668 1953; x_wconf 86' lang='lat' dir='ltr'><strong>iussis,</strong></span> 
     </span>
     <span class='ocr_line' id='line_1_28' title="bbox 324 1962 1666 2022; baseline -0.002 -11"><span class='ocrx_word' id='word_1_224' title='bbox 324 1971 493 2011; x_wconf 89' lang='lat' dir='ltr'><strong>dictator</strong></span> <span class='ocrx_word' id='word_1_225' title='bbox 513 1985 619 2022; x_wconf 86' lang='lat' dir='ltr'><strong>equo</strong></span> <span class='ocrx_word' id='word_1_226' title='bbox 639 1972 761 2011; x_wconf 89' lang='lat' dir='ltr'><strong>citato</strong></span> <span class='ocrx_word' id='word_1_227' title='bbox 783 1972 834 2010; x_wconf 88' lang='lat' dir='ltr'><strong>ad</strong></span> <span class='ocrx_word' id='word_1_228' title='bbox 856 1970 994 2010; x_wconf 89' lang='lat' dir='ltr'><strong>urbem</strong></span> <span class='ocrx_word' id='word_1_229' title='bbox 1028 1962 1209 2009; x_wconf 73' lang='lat' dir='ltr'><strong>re&#39;uectus</strong></span> <span class='ocrx_word' id='word_1_230' title='bbox 1237 1969 1465 2009; x_wconf 89' lang='lat' dir='ltr'><strong>auctoribus</strong></span> <span class='ocrx_word' id='word_1_231' title='bbox 1489 1967 1666 2021; x_wconf 87' lang='lat' dir='ltr'><strong>patribus</strong></span> 
     </span>
     <span class='ocr_line' id='line_1_29' title="bbox 326 2032 1664 2088; baseline -0.003 -12"><span class='ocrx_word' id='word_1_232' title='bbox 326 2037 413 2076; x_wconf 90' lang='lat' dir='ltr'><strong>tulit</strong></span> <span class='ocrx_word' id='word_1_233' title='bbox 446 2039 496 2077; x_wconf 82' lang='lat' dir='ltr'><strong>ad</strong></span> <span class='ocrx_word' id='word_1_234' title='bbox 528 2038 718 2088; x_wconf 87' lang='lat' dir='ltr'><strong>populum</strong></span> <span class='ocrx_word' id='word_1_235' title='bbox 752 2038 792 2075; x_wconf 91' lang='lat' dir='ltr'><strong>in</strong></span> <span class='ocrx_word' id='word_1_236' title='bbox 822 2038 913 2075; x_wconf 92' lang='lat' dir='ltr'><strong>luco</strong></span> <span class='ocrx_word' id='word_1_237' title='bbox 946 2034 1124 2075; x_wconf 87' lang='lat' dir='ltr'><strong>Petelino</strong></span> <span class='ocrx_word' id='word_1_238' title='bbox 1159 2049 1209 2074; x_wconf 89' lang='lat' dir='ltr'><strong>ne</strong></span> <span class='ocrx_word' id='word_1_239' title='bbox 1240 2034 1302 2073; x_wconf 89' lang='lat' dir='ltr'><strong>cui</strong></span> <span class='ocrx_word' id='word_1_240' title='bbox 1335 2034 1504 2074; x_wconf 89' lang='lat' dir='ltr'><strong>militum</strong></span> <span class='ocrx_word' id='word_1_241' title='bbox 1538 2032 1664 2073; x_wconf 86' lang='lat' dir='ltr'><strong>fraudi</strong></span> 
     </span>
    </p>
   </div>
   <div class='ocr_carea' id='block_1_3' title="bbox 324 2138 1667 2443">
    <p class='ocr_par' dir='ltr' id='par_1_3' title="bbox 324 2138 1667 2313">
     <span class='ocr_line' id='line_1_30' title="bbox 371 2138 1666 2182; baseline -0.003 -8"><span class='ocrx_word' id='word_1_242' title='bbox 371 2153 407 2182; x_wconf 91' lang='lat'><strong>17</strong></span> <span class='ocrx_word' id='word_1_243' title='bbox 433 2153 509 2174; x_wconf 90' lang='lat' dir='ltr'><strong>eum</strong></span> <span class='ocrx_word' id='word_1_244' title='bbox 528 2142 630 2182; x_wconf 83' lang='lat' dir='ltr'><strong>elegit</strong></span> <span class='ocrx_word' id='word_1_245' title='bbox 648 2140 974 2182; x_wconf 82' lang='lat' dir='ltr'><em>PFUpOHTDLA</em></span> <span class='ocrx_word' id='word_1_246' title='bbox 994 2150 1000 2170; x_wconf 91' lang='lat'>:</span> <span class='ocrx_word' id='word_1_247' title='bbox 1027 2139 1130 2179; x_wconf 86' lang='lat' dir='ltr'><strong>elegit</strong></span> <span class='ocrx_word' id='word_1_248' title='bbox 1154 2150 1230 2171; x_wconf 88' lang='lat' dir='ltr'><strong>eum</strong></span> <span class='ocrx_word' id='word_1_249' title='bbox 1258 2138 1311 2171; x_wconf 92' lang='lat' dir='ltr'><strong>M:</strong></span> <span class='ocrx_word' id='word_1_250' title='bbox 1338 2150 1414 2171; x_wconf 87' lang='lat' dir='ltr'><strong>eum</strong></span> <span class='ocrx_word' id='word_1_251' title='bbox 1441 2142 1480 2170; x_wconf 82' lang='lat' dir='ltr'><strong>ut</strong></span> <span class='ocrx_word' id='word_1_252' title='bbox 1494 2138 1666 2180; x_wconf 83' lang='lat' dir='ltr'><strong>glossema</strong></span> 
     </span>
     <span class='ocr_line' id='line_1_31' title="bbox 326 2181 1664 2227; baseline -0.004 -9"><span class='ocrx_word' id='word_1_253' title='bbox 326 2187 376 2227; x_wconf 76' lang='lat' dir='ltr'><strong>(cs.</strong></span> <span class='ocrx_word' id='word_1_254' title='bbox 400 2186 510 2226; x_wconf 85' lang='lat' dir='ltr'><strong>Praef.</strong></span> <span class='ocrx_word' id='word_1_255' title='bbox 537 2196 556 2225; x_wconf 89' lang='lat'>5</span> <span class='ocrx_word' id='word_1_256' title='bbox 579 2186 677 2225; x_wconf 76' lang='lat' dir='ltr'><strong>adn.)</strong></span> <span class='ocrx_word' id='word_1_257' title='bbox 697 2186 797 2217; x_wconf 78' lang='lat' dir='ltr'><strong>delere</strong></span> <span class='ocrx_word' id='word_1_258' title='bbox 815 2185 911 2215; x_wconf 69' lang='lat' dir='ltr'><strong>malit</strong></span> <span class='ocrx_word' id='word_1_259' title='bbox 934 2183 1087 2222; x_wconf 82' lang='lat' dir='ltr'><strong>Conway,</strong></span> <span class='ocrx_word' id='word_1_260' title='bbox 1107 2184 1270 2224; x_wconf 77' lang='lat' dir='ltr'><strong>conserens</strong></span> <span class='ocrx_word' id='word_1_261' title='bbox 1291 2183 1364 2215; x_wconf 88' lang='lat' dir='ltr'><strong>Tac.</strong></span> <span class='ocrx_word' id='word_1_262' title='bbox 1381 2183 1467 2225; x_wconf 83' lang='lat' dir='ltr'><strong>Agr.</strong></span> <span class='ocrx_word' id='word_1_263' title='bbox 1485 2193 1518 2224; x_wconf 91' lang='lat'><strong>9.</strong></span> <span class='ocrx_word' id='word_1_264' title='bbox 1540 2193 1558 2221; x_wconf 88' lang='lat'><strong>7</strong></span> <span class='ocrx_word' id='word_1_265' title='bbox 1574 2181 1664 2214; x_wconf 80' lang='lat' dir='ltr'><strong>haud</strong></span> 
     </span>
     <span class='ocr_line' id='line_1_32' title="bbox 324 2224 1667 2270; baseline -0.004 -9"><span class='ocrx_word' id='word_1_266' title='bbox 324 2234 461 2270; x_wconf 83' lang='lat' dir='ltr'><strong>semper</strong></span> <span class='ocrx_word' id='word_1_267' title='bbox 477 2236 567 2261; x_wconf 81' lang='lat' dir='ltr'><strong>errat</strong></span> <span class='ocrx_word' id='word_1_268' title='bbox 587 2231 684 2268; x_wconf 73' lang='lat' dir='ltr'><strong>sama,</strong></span> <span class='ocrx_word' id='word_1_269' title='bbox 705 2229 887 2270; x_wconf 81' lang='lat' dir='ltr'><strong>aliquando</strong></span> <span class='ocrx_word' id='word_1_270' title='bbox 905 2232 938 2258; x_wconf 87' lang='lat' dir='ltr'><strong>et</strong></span> <span class='ocrx_word' id='word_1_271' title='bbox 956 2226 1059 2266; x_wconf 88' lang='lat' dir='ltr'><strong>elegit</strong></span> <span class='ocrx_word' id='word_1_272' title='bbox 1196 2237 1235 2267; x_wconf 92' lang='lat'><strong>19</strong></span> <span class='ocrx_word' id='word_1_273' title='bbox 1258 2227 1485 2268; x_wconf 84' lang='lat' dir='ltr'><strong>permittimus</strong></span> <span class='ocrx_word' id='word_1_274' title='bbox 1499 2225 1578 2258; x_wconf 85' lang='lat' dir='ltr'><strong>fidei</strong></span> <span class='ocrx_word' id='word_1_275' title='bbox 1595 2224 1667 2257; x_wconf 89' lang='grc' dir='ltr'><strong>ΜΡ</strong></span> 
     </span>
     <span class='ocr_line' id='line_1_33' title="bbox 324 2271 923 2313; baseline -0.003 -9"><span class='ocrx_word' id='word_1_276' title='bbox 324 2273 560 2305; x_wconf 80' lang='lat' dir='ltr'><em>FOHTDLA</em></span> <span class='ocrx_word' id='word_1_277' title='bbox 581 2285 588 2305; x_wconf 74' lang='grc' dir='ltr'><strong>ε</strong></span> <span class='ocrx_word' id='word_1_278' title='bbox 616 2273 851 2313; x_wconf 83' lang='lat' dir='ltr'><strong>permittamus</strong></span> <span class='ocrx_word' id='word_1_279' title='bbox 872 2271 923 2311; x_wconf 80' lang='lat' dir='ltr'><strong>Up</strong></span> 
     </span>
    </p>

    <p class='ocr_par' dir='ltr' id='par_1_4' title="bbox 324 2311 1666 2443">
     <span class='ocr_line' id='line_1_34' title="bbox 367 2311 1565 2357; baseline -0.004 -9"><span class='ocrx_word' id='word_1_280' title='bbox 367 2324 409 2357; x_wconf 91' lang='lat'><strong>41</strong></span> <span class='ocrx_word' id='word_1_281' title='bbox 438 2328 450 2348; x_wconf 96' lang='lat'>1</span> <span class='ocrx_word' id='word_1_282' title='bbox 479 2318 590 2349; x_wconf 86' lang='lat' dir='ltr'><strong>orauit</strong></span> <span class='ocrx_word' id='word_1_283' title='bbox 606 2315 846 2356; x_wconf 80' lang='lat' dir='ltr'><strong>MPFUp0D2</strong></span> <span class='ocrx_word' id='word_1_284' title='bbox 863 2314 915 2345; x_wconf 84' lang='lat' dir='ltr'><strong>uel</strong></span> <span class='ocrx_word' id='word_1_285' title='bbox 930 2313 1012 2344; x_wconf 75' lang='lat' dir='ltr'><strong>D³A</strong></span> <span class='ocrx_word' id='word_1_286' title='bbox 1032 2324 1039 2344; x_wconf 90' lang='lat'>:</span> <span class='ocrx_word' id='word_1_287' title='bbox 1064 2314 1193 2345; x_wconf 77' lang='lat' dir='ltr'><strong>curauit</strong></span> <span class='ocrx_word' id='word_1_288' title='bbox 1211 2313 1372 2356; x_wconf 81' lang='lat' dir='ltr'><strong>HTD&lt;ut</strong></span> <span class='ocrx_word' id='word_1_289' title='bbox 1388 2311 1565 2355; x_wconf 67' lang='lat' dir='ltr'><strong>uidetur&gt;L</strong></span> 
     </span>
     <span class='ocr_line' id='line_1_35' title="bbox 324 2355 1666 2400; baseline -0.002 -10"><span class='ocrx_word' id='word_1_290' title='bbox 324 2371 343 2400; x_wconf 78' lang='lat'>3</span> <span class='ocrx_word' id='word_1_291' title='bbox 368 2362 441 2392; x_wconf 90' lang='lat' dir='ltr'><strong>luco</strong></span> <span class='ocrx_word' id='word_1_292' title='bbox 461 2359 788 2392; x_wconf 78' lang='lat' dir='ltr'><em>MPFOHTDLA:</em></span> <span class='ocrx_word' id='word_1_293' title='bbox 814 2359 889 2390; x_wconf 88' lang='lat' dir='ltr'><strong>loco</strong></span> <span class='ocrx_word' id='word_1_294' title='bbox 915 2357 966 2399; x_wconf 87' lang='lat' dir='ltr'><strong>Up</strong></span> <span class='ocrx_word' id='word_1_295' title='bbox 1122 2357 1275 2389; x_wconf 86' lang='lat' dir='ltr'><strong>Petelino</strong></span> <span class='ocrx_word' id='word_1_296' title='bbox 1295 2357 1344 2389; x_wconf 82' lang='lat' dir='ltr'><strong>cd.</strong></span> <span class='ocrx_word' id='word_1_297' title='bbox 1362 2357 1458 2389; x_wconf 82' lang='lat' dir='ltr'><strong>Frob.</strong></span> <span class='ocrx_word' id='word_1_298' title='bbox 1483 2366 1562 2396; x_wconf 84' lang='lat'><strong>1531</strong></span> <span class='ocrx_word' id='word_1_299' title='bbox 1593 2355 1666 2395; x_wconf 80' lang='lat' dir='ltr'><strong>(sed</strong></span> 
     </span>
     <span class='ocr_line' id='line_1_36' title="bbox 325 2399 1661 2443; baseline -0.004 -8"><span class='ocrx_word' id='word_1_300' title='bbox 325 2405 427 2436; x_wconf 84' lang='lat' dir='ltr'><strong>Petil—</strong></span> <span class='ocrx_word' id='word_1_301' title='bbox 459 2405 569 2443; x_wconf 61' lang='lat'><strong>1535),</strong></span> <span class='ocrx_word' id='word_1_302' title='bbox 597 2403 636 2443; x_wconf 81' lang='lat' dir='ltr'><strong>cf.</strong></span> <span class='ocrx_word' id='word_1_303' title='bbox 667 2405 698 2435; x_wconf 89' lang='lat'><strong>6.</strong></span> <span class='ocrx_word' id='word_1_304' title='bbox 732 2413 782 2434; x_wconf 86' lang='lat'><strong>20.</strong></span> <span class='ocrx_word' id='word_1_305' title='bbox 820 2412 854 2432; x_wconf 92' lang='lat'><strong>11</strong></span> <span class='ocrx_word' id='word_1_306' title='bbox 873 2412 880 2431; x_wconf 91' lang='lat'>:</span> <span class='ocrx_word' id='word_1_307' title='bbox 915 2400 1059 2442; x_wconf 77' lang='lat' dir='ltr'><strong>petillini</strong></span> <span class='ocrx_word' id='word_1_308' title='bbox 1088 2400 1381 2432; x_wconf 84' lang='lat' dir='ltr'><em>MPFHTDLA:</em></span> <span class='ocrx_word' id='word_1_309' title='bbox 1414 2399 1555 2442; x_wconf 83' lang='lat' dir='ltr'><strong>petelini</strong></span> <span class='ocrx_word' id='word_1_310' title='bbox 1587 2399 1661 2440; x_wconf 85' lang='lat' dir='ltr'><strong>Up:</strong></span> 
     </span>
    </p>
   </div>
   <div class='ocr_carea' id='block_1_4' title="bbox 323 2449 1331 2497">
    <p class='ocr_par' dir='ltr' id='par_1_5' title="bbox 323 2449 1331 2497">
     <span class='ocr_line' id='line_1_37' title="bbox 323 2449 1331 2497; baseline -0.007 -18"><span class='ocrx_word' id='word_1_311' title='bbox 323 2449 488 2489; x_wconf 89' lang='lat' dir='ltr'><strong>pollutum</strong></span> <span class='ocrx_word' id='word_1_312' title='bbox 509 2449 549 2487; x_wconf 83' lang='lat' dir='ltr'><strong>O,</strong></span> <span class='ocrx_word' id='word_1_313' title='bbox 570 2449 652 2478; x_wconf 72' lang='lat' dir='ltr'><strong>mire</strong></span> <span class='ocrx_word' id='word_1_314' title='bbox 1325 2479 1331 2497; x_wconf 50' lang='lat'><strong>⁴</strong></span> 
     </span>
    </p>
   </div>
  </div>
 </body>
</html>
