1722 2748
482 163 553 200 AB
586 162 737 199 VRBE
767 160 1027 200 CONDITA
1317 159 1355 195 X
1375 165 1426 203 23
1449 172 1466 204 5

87 278 284 321 gestarum
321 271 522 323 paenitere
559 269 643 324 (ex)
674 284 771 310 uero
808 269 1049 321 gloriaretur.
1119 270 1241 307 Facto
1279 266 1427 307 deinde
1448 274 1468 306 6

88 336 244 388 egregio
265 336 476 388 magnifica
501 337 624 377 uerba
650 335 821 376 adauxit.
886 336 935 374 In
956 334 1046 374 uico
1068 336 1208 385 Longo
1229 332 1297 372 ubi
1317 331 1425 372 habi-

88 402 209 452 tabat,
231 414 279 442 ex
301 409 411 453 parte
430 402 591 442 aedium
610 402 722 453 quod
749 400 843 440 satis
869 407 974 441 esset
997 401 1075 440 loci
1101 398 1261 439 modico
1281 398 1426 438 sacello

87 466 252 506 exclusit
277 481 467 519 aramque
488 468 542 509 ibi
562 468 696 520 posuit
721 474 761 506 et
787 465 1020 505 conuocatis
1047 464 1211 516 plebeiis
1235 463 1426 504 matronis

87 539 307 584 conquesta
345 533 528 572 iniuriam
567 532 831 585 patriciarum,
872 532 998 570 ‘hanc
1029 544 1103 581 ego
1131 531 1261 569 aram'
1296 529 1425 581 inquit
1449 533 1466 568 7

89 600 98 618 ‘
113 598 334 639 Pudicitiae
352 599 539 639 Plebeiae
559 599 705 638 dedico
721 613 730 647 ;
764 611 919 648 uosque
943 598 1079 636 hortor
1100 603 1152 646 ut,
1175 596 1285 647 quod
1306 603 1424 635 certa-

88 677 179 703 rnen
200 663 355 704 uirtutis
374 664 481 704 uiros
503 664 542 703 in
563 666 638 703 hac
658 663 819 703 ciuitate
842 670 963 711 tenet,
987 663 1064 701 hoc
1090 661 1304 712 pudicitiae
1322 662 1424 700 inter
1447 667 1465 698 8

88 737 286 769 matronas
307 729 356 768 sit
375 730 560 780 detisque
580 743 742 780 operam
764 736 807 767 ut
828 729 925 768 haec
947 741 1013 767 ara
1033 741 1152 778 quam
1169 727 1244 775 illa,
1268 727 1298 766 si
1326 727 1424 778 quid

86 802 227 845 potest,
250 794 424 834 sanctius
445 802 483 834 et
503 809 526 834 a
545 794 779 834 castioribus
801 794 876 834 coli
897 794 1074 833 dicatur.'
1125 794 1279 833 Eodem
1303 794 1424 833 ferme
1447 805 1466 836 9

86 859 160 898 ritu
189 867 228 899 et
259 861 357 899 haec
385 874 451 899 ara
480 873 562 911 quo
591 860 657 899 illa
684 859 885 911 antiquior
913 861 1020 898 culta
1047 866 1117 906 est,
1140 865 1183 898 ut
1212 860 1320 898 nulla
1349 859 1424 898 nisi

87 933 286 976 spectatae
308 925 522 976 pudicitiae
545 934 724 965 matrona
745 933 784 964 et
804 938 907 976 quae
933 923 1002 963 uni
1026 923 1112 963 uiro
1137 931 1261 975 nupta
1288 923 1424 964 fuisset

87 991 146 1030 ius
173 990 419 1030 sacrificandi
447 991 636 1039 haberet3
664 993 823 1043 uolgata
843 989 936 1030 dein
957 989 1093 1041 religio
1112 1003 1135 1028 a
1154 990 1325 1040 pollutis,
1349 1003 1423 1030 nee
1450 1008 1487 1031 10

87 1056 275 1096 matronis
314 1058 440 1096 solum
481 1058 551 1096 sed
591 1056 720 1097 omnis
759 1056 909 1096 ordinis
944 1055 1111 1104 feminis,
1148 1063 1350 1107 postremo
1382 1055 1422 1096 in

87 1121 331 1161 obliuionem
362 1122 482 1162 uenit.

142 1187 296 1226 Eodem
325 1201 433 1227 anno
462 1189 535 1228 Cn.
568 1195 608 1227 et
638 1189 688 1237 Q.
722 1187 883 1239 Ogulnii
912 1187 1062 1227 aediles
1092 1188 1245 1227 curules
1274 1187 1425 1239 aliquot
1449 1203 1483 1224 11

87 1252 372 1292 feneratoribus
392 1253 500 1293 diem
521 1253 731 1302 dixerunt;
760 1267 929 1304 quorum
952 1253 1069 1293 bonis
1098 1253 1270 1293 multatis
1300 1267 1346 1293 ex
1376 1267 1424 1294 eo
1449 1268 1485 1291 12

87 1319 197 1368 quod
217 1317 258 1357 in
277 1319 483 1370 publicum
504 1321 710 1359 redactum
731 1327 790 1358 est
806 1333 932 1359 aenea
953 1319 992 1358 in
1011 1319 1210 1370 Capitolio
1231 1319 1366 1359 limina
1386 1327 1425 1359 et

87 1383 204 1424 trium
234 1398 459 1425 mensarum
490 1393 676 1437 argentea
703 1399 799 1424 uasa
819 1385 858 1424 in
881 1386 980 1424 cella
1002 1386 1111 1424 Iouis
1134 1387 1354 1436 Iouemque
1384 1386 1423 1425 in

85 1449 260 1490 culmine
286 1464 376 1490 cum
405 1451 604 1503 quadrigis
635 1459 674 1490 et
701 1452 754 1491 ad
784 1451 902 1490 ficum
937 1450 1191 1490 Ruminalem
1218 1452 1426 1491 simulacra

87 1514 295 1555 infantium
326 1516 579 1556 conditorum
609 1515 717 1556 urbis
747 1516 821 1556 sub
849 1515 1038 1556 uberibus
1068 1517 1184 1566 lupae
1209 1524 1425 1567 posuerunt

87 1580 350 1633 semitamque
371 1595 465 1622 saxo
485 1583 680 1634 quadrato
695 1596 719 1622 a
735 1582 901 1633 Capena
916 1590 1030 1633 porta
1048 1582 1101 1621 ad
1123 1581 1263 1621 Martis
1283 1589 1426 1622 straue-

88 1654 189 1686 runt.
250 1649 303 1687 Et
321 1648 373 1688 ab
393 1648 590 1688 aedilibus
618 1647 783 1699 plebeiis
813 1650 856 1687 L.
878 1647 995 1687 Aelio
1017 1649 1140 1687 Paeto
1158 1655 1198 1687 et
1215 1649 1260 1688 C.
1285 1647 1426 1688 Fuluio
1449 1663 1486 1695 13

87 1712 224 1754 Curuo
242 1727 292 1753 ex
306 1714 524 1754 multaticia
545 1714 841 1766 item'pecunia‚
860 1726 979 1764 quam
1002 1721 1212 1765 exegerunt
1233 1712 1426 1765 pecuariis

87 1778 295 1828 damnatis,
319 1780 401 1820 ludi
424 1780 515 1819 facti
537 1788 776 1831 pateraeque
796 1791 938 1819 aureae
959 1780 1009 1819 ad
1032 1778 1185 1820 Cereris
1206 1778 1371 1831 positae.

133 1893 153 1924 5
176 1894 219 1915 ex
236 1894 318 1916 uero
336 1883 451 1917 Madv.
474 1895 481 1916 :
505 1894 588 1916 uero
611 1883 915 1925 MPFUpTDLA,
934 1883 992 1916 sed
1012 1886 1045 1915 in
1063 1884 1104 1915 M
1118 1884 1273 1925 penitere
1297 1884 1428 1917 insueta

82 1927 198 1966 forma
223 1927 367 1959 litteram
393 1939 411 1960 e
427 1928 570 1968 finalem
595 1928 645 1970 (ἓ)
669 1928 773 1970 habet,
801 1929 1001 1960 Floriacenst'
1022 1929 1199 1968 scm'pturae
1222 1929 1331 1970 magis
1348 1933 1427 1970 pro-

83 1971 223 2013 pm'am;
248 1971 287 2003 de
307 1973 404 2013 signo
425 1973 582 2014 ambtgno
603 1972 640 2012 cf.
667 1982 715 2004 10.
738 1983 789 2004 20.
808 1982 829 2012 5
850 1976 880 2004 et
898 1982 925 2005 1.
945 1983 976 2013 7.
994 1982 1014 2012 5
1035 1971 1138 2004 adm:
1163 1982 1280 2004 uerum
1301 1971 1352 2003 Α2
1375 1972 1430 2014 (ut

88 2014 268 2046 secundam
283 2015 461 2055 lectionem)
478 2015 554 2047 delt.
566 2015 645 2056 aliq.
662 2027 668 2046 :
694 2026 776 2047 uere
794 2015 1035 2055 Dom'at.‚sor!.
1049 2019 1116 2047 rect.
1221 2018 1243 2047 6
1267 2017 1427 2049 matronis

92 2057 245 2099 ΠΑΜΥἈ2
259 2059 331 2091 dett.
347 2060 422 2099 aliq.
441 2070 449 2091 τ
473 2059 695 2091 matrimoniis
706 2058 799 2091 MP³
811 2059 865 2091 uel
876 2059 1083 2091 P²FTDLA
1102 2070 1109 2091 ε
1127 2060 1359 2092 matrimonius
1375 2060 1428 2092 P:

89 2102 324 2134 matrimonuis
345 2102 400 2133 Μ2
423 2103 476 2134 uel
491 2103 532 2134 M
536 2102 548 2122 ¹
688 2105 708 2135 8
733 2108 847 2144 potest
865 2103 904 2134 M
909 2102 1037 2134 TDLA
1058 2114 1064 2134 :
1090 2108 1240 2143 potestas
1258 2103 1322 2135 PF
1336 2104 1427 2145 (cum

88 2146 220 2177 auctius
236 2146 276 2186 P,
295 2147 445 2178 sanctius
457 2145 518 2188 P2)
531 2159 537 2179 z
564 2147 708 2187 potestis
722 2147 774 2188 Up
919 2152 952 2179 et
963 2158 980 2177 a
993 2147 1087 2188 MUp
1096 2146 1222 2178 TDLA
1239 2158 1246 2178 :
1270 2151 1304 2178 et
1317 2147 1381 2179 PF

89 2200 110 2229 9
134 2200 200 2229 quo
218 2190 272 2221 illa
293 2189 396 2231 UpA2
412 2202 419 2222 ε
443 2192 533 2231 quod
553 2191 607 2223 illa
623 2190 842 2222 PFTDLA?
857 2201 864 2221 ε
881 2200 964 2231 quos
982 2190 1038 2222 illa
1057 2191 1098 2222 M
1113 2192 1167 2232 (ut
1181 2190 1343 2233 uidetur):
1362 2196 1427 2232 qui

91 2232 147 2264 illa
163 2231 220 2263 M²
238 2233 293 2264 uel
308 2233 424 2264 M1A?
442 2235 540 2275 (nam
559 2236 593 2266 in
610 2235 644 2265 A
663 2246 687 2276 q
699 2235 865 2276 Stgnficat
877 2238 906 2266 et
922 2235 1010 2274 quod
1024 2238 1062 2270 et,
1078 2234 1135 2266 sed
1145 2235 1267 2275 rarius,
1285 2235 1402 2277 quam)
1418 2246 1426 2266 z

91 2277 154 2308 nisi
172 2277 262 2317 quod
277 2276 332 2308 illa
347 2276 394 2308 0³
532 2289 573 2316 ια
588 2289 608 2310 a
625 2279 765 2318 pollutis
782 2277 1070 2319 MPFUpTDLA
1090 2289 1098 2309 τ
1123 2289 1143 2310 a
1161 2278 1219 2310 del.
1235 2278 1358 2319 Duker,
1371 2278 1432 2310 sed

87 2319 227 2351 dazinus
248 2320 363 2352 minus
385 2321 438 2352 ln‘c
459 2325 558 2362 aptus
582 2325 629 2354 est
651 2323 706 2364 (cf.
728 2333 805 2353 cum
828 2321 1031 2362 Alschffsktb
1055 2323 1271 2354 multitudine
1296 2322 1426 2363 uolgari

24 2383 25 2386 =
91 2373 117 2395 ι.
138 2374 186 2395 10.
202 2365 235 2403 7>
247 2374 254 2394 :
267 2374 342 2395 cum
357 2364 493 2405 pollutis
505 2365 554 2398 H.
566 2365 604 2404 J.
617 2365 756 2397 Mueller
855 2375 893 2396 12
911 2365 1030 2397 Martis
1046 2365 1292 2399 MPFTDLA:
1311 2367 1427 2398 martis

27 2408 33 2442 ‘s
88 2412 220 2447 portam
241 2407 300 2448 Up,
320 2409 454 2449 henzssgne
465 2408 504 2439 de
519 2420 581 2440 suo
597 2410 729 2449 (mmus
743 2409 842 2440 stulte
857 2410 956 2440 edem
974 2409 1049 2440 uoci
1063 2409 1201 2442 Cereris
1214 2409 1291 2442 add.
1309 2409 1351 2440 M
1353 2410 1382 2451 ⁴)

26 2451 33 2494 ὲ
93 2460 131 2491 ¹3
155 2451 231 2482 sacti
249 2451 404 2493 MPFUp
412 2451 540 2483 TDLA
558 2463 565 2484 :
590 2453 689 2484 sactis
706 2453 773 2494 Rn,
793 2451 880 2484 unde
897 2453 974 2484 sacti
991 2457 1071 2484 sunt
1088 2452 1219 2494 Frigell,
1229 2454 1310 2494 sort.
1330 2457 1406 2485 recte
