1722 2748
445 154 516 191 AB
546 153 697 191 VRBE
729 152 989 191 CONDITA
1285 152 1323 190 X
1346 161 1394 200 19
1415 166 1431 198 5

55 264 186 305 uerbis
216 265 341 303 suerat
356 279 366 312 3
395 271 434 303 et
464 276 555 302 cum
583 260 836 309 Volumnius,
860 275 982 301 causa
1011 262 1198 313 superior,
1221 275 1272 301 ne
1302 261 1396 302 infa—
1413 265 1434 299 6

0 336 2 341 “
54 331 211 371 cundus
224 329 388 381 quidem
401 330 592 369 aduersus
606 327 789 368 eximiam
807 327 1077 378 eloquentiam
1095 329 1271 380 collegae
1287 327 1395 368 uisus

0 444 2 446 v
54 403 170 445 esset,
191 395 462 446 cauillansque
483 393 637 446 Appius
663 393 737 433 sibi
763 401 973 444 acceptum
999 394 1140 433 referre
1162 395 1311 434 diceret
1330 395 1396 434 de·
1417 406 1434 442 ’,-

0 464 2 517 J
55 456 160 510 bere,
174 462 286 512 quod
305 475 353 500 ex
375 468 486 499 muto
504 468 623 512 atque
641 459 788 511 elingui
811 461 1029 499 facundum
1047 459 1166 499 etiam
1188 461 1394 500 consulem

0 531 1 534 ’
55 524 435 577 haberent—priore
452 521 670 573 consulatu,
690 525 826 576 primis
849 526 986 576 utique
1010 526 1224 574 mensibus,
1243 525 1395 565 hiscere

55 606 149 632 eum
164 591 361 644 nequisse,
378 605 486 630 nunc
502 590 578 630 iam
596 592 804 642 populares
823 590 1022 630 orationes
1039 604 1232 639 serere—,
1252 594 1394 643 ‘quam
1416 604 1434 634 8

56 659 215 698 mallem
204 647 386 709 :Effluit
411 658 697 706 Volumnius‚‘
710 665 751 696 tu
781 671 805 696 a
835 670 900 697 me
929 665 1087 697 strenue
1117 658 1245 697 facere
1275 671 1394 709 quam

0 732 8 781 ᾗ
56 738 130 776 ego
153 725 225 764 abs
249 732 288 764 te
313 723 410 763 scite
436 723 545 774 loqui
571 723 825 763 didicissem.’
886 731 1088 774 postremo
1115 723 1394 763 condicionem

0 780 14 848 ἐ
56 792 165 839 ferre,
183 803 286 841 quae
306 790 512 829 decretura
531 789 590 837 sit,
611 803 691 829 non
714 797 1032 840 orator—neque
1054 789 1160 829 enim
1182 789 1223 829 id
1244 790 1398 829 deside-

0 850 11 909 ?
56 870 140 896 rare
155 869 236 895 rem
255 855 585 908 publicam—sed
601 855 814 906 imperator
831 862 916 894 uter
934 854 982 894 sit
999 855 1148 895 melior.
1200 854 1395 894 Etruriam
1416 872 1436 904 9

57 930 97 963 et
125 921 332 962 Samnium
361 921 587 972 prouincias
622 934 735 969 esse;
774 929 901 960 utram
935 922 1069 960 mallet
1103 921 1286 973 eligeret;
1325 934 1399 960 suo

14 1024 15 1028 ,
57 987 229 1029 exercitu
260 1000 302 1027 se
333 988 398 1026 uel
429 988 470 1026 in
502 988 656 1026 Etruria
692 988 757 1026 uel
791 986 831 1025 in
868 986 1032 1026 Samnio
1066 1000 1148 1026 rem
1182 994 1397 1038 gesturum.

111 1055 219 1092 Tum
239 1051 409 1091 militum
429 1053 579 1092 clamor
599 1060 718 1100 ortus,
743 1059 788 1091 ut
809 1053 926 1091 simul
952 1053 1074 1092 ambo
1095 1052 1244 1091 bellum
1267 1054 1400 1091 Etrus·
1423 1069 1460 1091 ιο

57 1131 148 1158 cum
179 1118 436 1168 susciperent.
496 1117 590 1167 Quo
624 1116 905 1157 animaduerso
940 1131 1137 1157 consensu
1159 1117 1399 1157 Volumnius
1423 1135 1454 1156 ιι

11 1201 22 1212 e
59 1186 69 1204 ‘
81 1182 270 1234 quoniam
286 1182 326 1222 in
342 1183 517 1234 collegae
532 1183 737 1222 uoluntate
757 1182 1053 1234 interpretanda
1069 1184 1075 1200 ³
1092 1182 1219 1234 inquit
1238 1183 1396 1232 ‘erraui,

59 1262 141 1288 non
167 1247 414 1288 committam
441 1255 485 1288 ut
511 1247 609 1299 quid
636 1262 709 1287 uos
739 1249 868 1287 uelitis
897 1248 1110 1288 obscurum
1136 1248 1208 1288 sit:
1240 1261 1400 1288 manere

58 1328 111 1354 an
133 1313 244 1355 abire
271 1327 335 1353 me
355 1313 484 1353 uelitis
509 1315 681 1353 clamore
704 1314 946 1365 significate]
1005 1315 1110 1353 Tum
1142 1328 1237 1354 uero
1267 1322 1399 1353 tantus
1422 1330 1457 1352 12

59 1387 118 1419 est
138 1381 288 1419 clamor
307 1387 464 1418 exortus
482 1387 523 1418 ut
545 1380 678 1419 hostes
695 1393 717 1419 e
734 1379 870 1418 castris
889 1379 1043 1419 exciret.
1090 1380 1222 1418 Armis
1236 1379 1400 1431 arreptis

12 1471 25 1477 ==
59 1445 99 1485 in
118 1446 246 1485 aciem
262 1446 526 1485 descendunt.
576 1447 628 1485 Et
646 1445 886 1484 Volumnius
904 1445 1014 1496 signa
1030 1459 1172 1484 canere
1191 1459 1238 1485 ac
1259 1445 1401 1485 uexilla

59 1510 184 1551 efferri
208 1510 345 1550 castris
370 1510 481 1550 iussit
495 1525 506 1559 ς
535 1511 710 1562 Appium
739 1510 997 1550 addubitasse
1022 1512 1152 1551 ferunt
1172 1519 1400 1551 cernentem
1425 1529 1462 1561 13

59 1590 129 1616 seu
154 1583 356 1628 pugnante
376 1590 446 1616 seu
467 1577 603 1627 quieto
624 1590 665 1616 se
691 1578 773 1616 sore
797 1578 972 1628 collegae
993 1576 1198 1616 uictoriam
1215 1592 1226 1625 3
1255 1576 1402 1617 deinde

13 1651 17 1690 j
60 1642 229 1682 ueritum
258 1656 310 1682 ne
333 1656 428 1683 suae
451 1656 614 1694 quoque
644 1644 818 1694 legiones
841 1643 1103 1683 Volumnium
1132 1650 1402 1695 sequerentur,

16 1745 18 1750 .
38 1746 42 1747 γ
61 1715 99 1748 et
120 1710 248 1760 ipsum
271 1708 539 1760 flagitantibus
559 1709 639 1749 suis
660 1709 815 1760 signum
840 1708 1010 1748 dedisse.

114 1775 180 1814 Ab
202 1782 340 1815 neutra
360 1783 469 1826 parte
490 1775 583 1815 satis
599 1776 814 1815 commode
839 1774 1017 1814 instructi
1039 1775 1197 1815 suerunt
1212 1790 1223 1824 ς
1251 1788 1342 1814 nam
1365 1781 1404 1815 et
1427 1793 1464 1825 14

44 1840 300 1897 >Samnitium
319 1842 402 1881 dux
421 1841 574 1882 Gellius
596 1841 787 1893 Egnatius
811 1841 1046 1891 pabulatum
1064 1854 1156 1880 cum
1172 1840 1404 1880 cohortibus

30 1927 41 1961 ss
61 1906 197 1959 paucis
217 1906 314 1946 ierat
337 1920 492 1959 suoque
515 1908 666 1959 impetu
693 1906 816 1958 magis
848 1905 992 1945 milites
1021 1920 1141 1957 quam
1170 1906 1404 1958 cuiusquam

62 1973 186 2012 ductu
205 1980 275 2012 aut
293 1972 462 2024 imperio
482 1987 655 2025 pugnam
672 1972 933 2024 capessebant
958 1978 998 2011 et
1022 1971 1196 2011 Romani
1214 1971 1406 2011 exercitus
1429 1986 1465 2018 15

63 2051 137 2079 nec
158 2038 302 2091 pariter
326 2039 449 2078 ambo
475 2039 584 2079 ducti
609 2053 683 2079 nec
710 2040 804 2079 satis
832 2036 1021 2089 temporis
1049 2039 1101 2077 ad
1130 2037 1405 2077 instruendum

36 2104 146 2161 22f¹=¹lt·
207 2103 319 2143 Prius
348 2105 546 2145 concurrit
566 2106 805 2145 Volumnius
837 2117 958 2155 quam
981 2103 1138 2154 Appius
1167 2104 1220 2143 ad
1251 2103 1407 2142 hostem
1434 2112 1470 2145 16

47 2203 51 2210 ⁵
110 2220 128 2250 7
153 2209 266 2250 priore
284 2208 379 2250 MUp
387 2209 531 2240 TfoA
549 2220 557 2241 ε
581 2210 728 2250 priorem
744 2208 808 2241 PF
806 2208 874 2240 OT
871 2208 936 2240 DL
1080 2209 1101 2239 8
1127 2213 1303 2249 postremo
1316 2206 1357 2237 M
1361 2206 1412 2248 Up

36 2287 38 2289 ,
68 2252 262 2285 OTDLA:
299 2258 435 2294 ptremo
465 2254 500 2293 (i.
513 2264 538 2285 e.
566 2254 757 2294 protremo)
786 2253 839 2284 P:
870 2254 1022 2292 p'tremo
1053 2253 1088 2294 (ι.
1102 2264 1126 2284 e.
1154 2257 1412 2292 postprotremo

0 2316 1 2322 κ
43 2298 122 2330 uel
143 2298 397 2338 propostremo)
420 2297 453 2328 F
623 2298 712 2329 serre
737 2295 969 2328 MOTDLA.
995 2296 1066 2327 fere
1092 2295 1156 2327 PF
1159 2295 1230 2328 T²:
1257 2305 1333 2326 esse
1362 2294 1413 2334 Up

54 2359 56 2362 >
136 2351 174 2372 12
199 2341 357 2373 exciret.
404 2341 550 2374 .castris
573 2351 641 2373 om.
668 2340 738 2372 DA
765 2341 911 2382 (parum
936 2339 997 2380 des.
1028 2339 1076 2375 Oi
1244 2340 1277 2371 in
1303 2339 1411 2370 aciem

0 2394 4 2415 r
44 2380 51 2408 ‘-
70 2377 194 2416 Τ2Α2·
187 2409 194 2416 .
218 2385 251 2415 in
269 2385 342 2415 acie
362 2383 601 2426 MPFUpTL:
625 2384 685 2424 def.
708 2383 738 2415 Ο
893 2385 1014 2415 castris
1039 2382 1150 2415 MA22
1175 2395 1194 2415 e
1215 2384 1335 2416 castris
1354 2382 1416 2413 PF

99 2428 206 2504 p.TL:
243 2428 305 2471 des.
335 2427 366 2460 Ο
546 2438 583 2470 13
608 2433 784 2470 pugnante
810 2427 1010 2460 MTDLA·
1003 2451 1010 2459 .
1036 2433 1244 2469 pugnantem
1273 2427 1412 2470 PFUp:
