1722 2748
226 149 285 189 IX
304 159 358 199 43
382 166 421 199 ²4
844 153 966 192 TITI
999 154 1133 213 L1v1·

303 260 444 301 ciuitas
485 262 571 301 sine
613 261 784 313 suffragii
827 262 975 302 latione
1017 263 1133 302 data:
1181 264 1352 304 concilia
1389 263 1645 315 conubiaque

303 328 493 379 adempta
518 334 558 367 et
586 327 877 380 magistratibus
898 336 1051 380 praeter
1071 342 1190 380 quam
1211 342 1412 370 sacrorum
1440 331 1644 370 curatione

304 392 571 434 interdictum.

245 473 283 505 25
361 461 515 500 Eodem
546 474 653 500 anno
682 462 802 501 aedes
831 461 976 501 Salutis
1005 475 1030 500 a
1058 460 1106 502 C.
1129 460 1248 501 Iunio
1272 460 1458 501 Bubulco
1480 473 1646 501 censore

304 526 434 564 locata
471 534 542 575 est,
578 540 700 578 quam
738 528 879 566 consul
918 527 1026 567 bello
1065 525 1301 566 Samnitium
1340 534 1517 567 uouerat.
1581 526 1646 566 Ab

304 590 447 630 eodem
478 592 711 643 collegaque
739 591 824 631 eius
856 593 913 631 M.
935 593 1096 632 Valerio
1122 592 1301 631 Maximo
1325 593 1414 631 uiae
1437 604 1508 643 per
1532 604 1647 643 agros

243 667 282 699 26
304 656 464 707 publica
493 656 675 708 impensa
701 659 839 698 factae.
901 659 952 697 Et
972 671 1064 697 cum
1087 656 1482 709 Carthaginiensibus
1500 657 1645 697 eodem

302 735 411 762 anno
440 723 582 763 foedus
612 725 727 763 tertio
756 731 994 764 renouatum
1021 722 1242 775 legatisque
1271 736 1420 770 eorum,
1443 721 1514 775 qui
1531 723 1586 763 ad
1605 722 1647 762 id

303 797 506 838 uenerant,
528 789 695 830 comiter
714 803 879 830 munera
899 790 1030 830 missa.
1146 786 1152 791 ’

228 866 283 905 44
361 854 607 896 Dictatorem
635 856 741 896 idem
768 870 898 896 annus
925 856 1065 896 habuit
1093 858 1135 896 P.
1159 855 1390 897 Cornelium
1417 854 1646 908 Scipionem

267 941 281 963 ι
303 935 394 960 cum
427 920 613 973 magistro
642 920 822 973 equitum
860 924 900 961 P.
936 921 1063 962 Decio
1095 924 1222 961 Mure.
1282 922 1349 961 Ab
1383 921 1456 969 his,
1487 928 1648 973 propter

303 1000 406 1038 quae
438 987 558 1028 creati
591 995 712 1036 erant,
746 987 908 1027 comitia
941 987 1165 1028 consularia
1200 987 1346 1036 habita,
1382 986 1477 1039 quia
1509 978 1648 1027 neuter

303 1054 514 1093 consulum
536 1060 717 1105 potuerat
739 1053 844 1093 bello
864 1054 1018 1094 abesse.
1077 1053 1209 1095 Creati
1231 1054 1415 1094 consules
1443 1054 1487 1092 L.
1510 1053 1648 1093 Postu·
1709 1072 1711 1074 v

265 1136 281 1167 3
304 1117 406 1159 mius
426 1120 489 1158 Ti.
505 1118 720 1159 Minucius.
769 1121 859 1159 Hos
875 1120 1060 1159 consules
1078 1118 1171 1159 Piso
1189 1120 1240 1170 Q.
1257 1117 1382 1159 Fabio
1397 1126 1437 1159 et
1458 1120 1501 1158 P.
1518 1118 1647 1158 Decio

303 1184 473 1237 suggerit
495 1184 659 1229 biennio
681 1193 876 1239 exempto,
900 1199 982 1237 quo
1003 1184 1219 1226 Claudium
1235 1184 1588 1236 Volumniumque
1607 1193 1646 1224 et
1707 1214 1712 1237 ,-

265 1270 282 1297 4
305 1250 536 1292 Cornelium
557 1264 649 1291 cum
672 1250 828 1290 Marcio
843 1252 1029 1291 consules
1050 1252 1175 1291 factos
1186 1250 1442 1292 tradidimus.
1493 1252 1648 1291 Memo-
1704 1250 1709 1258 '

303 1316 412 1357 riane
433 1316 573 1368 fugerit
594 1316 634 1356 in
655 1316 865 1357 annalibus
886 1317 1113 1369 digerendis
1134 1331 1184 1357 an
1205 1318 1390 1376 consulto
1416 1316 1536 1358 binos
1553 1330 1648 1358 con·

304 1384 420 1431 sules,
444 1384 563 1423 falsos
584 1390 702 1431 ratus,
725 1383 1024 1432 transcenderit,
1047 1383 1240 1423 incertum
1261 1391 1333 1434 est.
1416 1399 1421 1406 ·“
1454 1406 1461 1410 -
1579 1418 1586 1423 .

266 1459 284 1493 5
362 1450 518 1499 Eodem
539 1462 647 1488 anno
668 1448 708 1488 in
729 1463 917 1501 campum
942 1451 1146 1490 Stellatem
1168 1450 1248 1501 agri
1276 1444 1473 1502 Campani
1495 1450 1644 1490 Samni—

265 1523 284 1556 6
303 1514 402 1555 tium
425 1514 671 1555 incursiones
692 1516 830 1555 factae.
875 1517 1018 1566 Itaque
1033 1515 1155 1555 ambo
1171 1517 1354 1555 consules
1375 1518 1416 1555 in
1437 1514 1646 1556 Samnium
1695 1508 1701 1567 J

304 1580 412 1620 missi
429 1594 521 1620 curn
535 1579 712 1621 diuersas
726 1580 917 1633 regiones,
933 1580 1141 1621 Tifernum
1159 1580 1398 1629 Postumius,
1418 1579 1646 1621 Bouianum
1694 1587 1698 1591 ’

305 1646 509 1687 Minucius
534 1646 712 1699 petisset,
733 1646 910 1687 Postumi
931 1648 1038 1698 prius
1058 1648 1180 1687 ductu
1200 1648 1252 1687 ad
1273 1647 1479 1687 Tifernum
1499 1660 1647 1699 pugna-

266 1721 400 1762 :tum.
458 1712 538 1752 Alii
572 1713 682 1753 haud
716 1712 839 1754 dubie
874 1713 1071 1753 Samnites
1111 1712 1238 1753 uictos
1274 1726 1322 1752 ac
1360 1711 1500 1765 uiginti
1538 1711 1647 1752 milia
1692 1706 1695 1707 ⁷

264 1792 283 1824 8
302 1779 514 1820 hominurn
551 1787 669 1831 capta
704 1781 876 1828 tradunt,
912 1779 978 1818 alii
1015 1781 1144 1819 Marte
1176 1790 1309 1830 aequo
1347 1779 1568 1819 discessum
1606 1786 1646 1818 et
1691 1773 1696 1794 ³

304 1845 554 1886 Postumium
592 1852 741 1885 metum
779 1844 1032 1884 simulantem
1066 1852 1260 1884 nocturno
1293 1844 1433 1884 itinere
1466 1844 1570 1884 clam
1605 1843 1645 1883 in

302 1920 460 1953 montes
498 1913 634 1963 copias
670 1911 894 1959 abduxisse,
931 1912 1066 1951 hostes
1100 1918 1257 1950 secutos
1291 1911 1375 1951 duo
1407 1909 1518 1950 milia
1550 1908 1646 1950 inde

346 2028 388 2058 25
414 2017 564 2049 Maximo
584 2016 758 2049 MTDLA
776 2029 784 2050 z
807 2017 954 2049 maxime
972 2016 1057 2048 PO:
1082 2016 1223 2058 maxime
1240 2015 1309 2056 (uel
1323 2014 1394 2057 -ae)
1410 2012 1546 2056 1³²va

301 2073 401 2102 agros
419 2055 585 2103 MPUpO
588 2062 618 2093 T
618 2062 715 2093 DLA
731 2074 737 2094 z
765 2072 845 2102 agro
862 2062 910 2102 F;
935 2061 1054 2103 (deesse
1073 2060 1205 2092 uidetur
1217 2060 1420 2092 adt'ectt'uum
1436 2058 1513 2100 aliq.
1530 2068 1642 2100 geogr.

301 2118 368 2148 ag.
389 2106 554 2138 Marsicos
571 2107 625 2138 uel
645 2106 840 2147 Paelignos)
1680 2131 1683 2133 Α

347 2156 401 2192 44
433 2161 452 2181 2
484 2156 639 2191 potuerat
681 2150 737 2181 Ax
769 2150 815 2182 ed.
850 2148 930 2182 Par.
968 2158 1072 2189 1510:
1111 2151 1291 2189 potuerant
1327 2144 1646 2188 MsUpOTDLA:

302 2200 463 2236 poterant
479 2194 513 2225 F
679 2194 727 2226 Ti.
747 2193 921 2235 Sigonius,
939 2192 1038 2224 Diod.
1055 2203 1107 2224 20.
1127 2193 1178 2223 81.
1200 2201 1227 2232 1,
1246 2192 1283 2231 cf
1303 2191 1338 2223 C.
1351 2191 1375 2222 I.
1389 2189 1430 2224 L.
1450 2190 1484 2225 5².
1500 2195 1534 2231 p.
1557 2199 1618 2230 132
1637 2199 1646 2220 t

303 2243 317 2269 t
341 2237 561 2278 MUpT²A22
590 2244 612 2269 ·t
643 2237 692 2269 P:
714 2242 750 2279 ιζ»
772 2237 911 2278 (1'.q.et)
936 2236 985 2268 F:
1009 2242 1043 2267 et
1069 2235 1146 2267 M⁴:
1170 2234 1231 2275 def.
1260 2236 1314 2267 O:
1339 2244 1406 2266 om.
1437 2232 1568 2265 TDLA
1681 2236 1684 2239 ’

248 2299 250 2302 -
303 2293 322 2320 4
349 2283 554 2313 memoriane
583 2282 708 2322 sugerit
733 2281 780 2312 ed.
807 2281 885 2313 Par.
916 2290 1010 2320 1510,
1033 2279 1080 2311 ed.
1101 2279 1197 2311 Frob.
1218 2289 1297 2319 1531
1319 2279 1370 2319 (cf
1394 2289 1425 2310 2.
1444 2289 1474 2318 4.
1495 2288 1515 2309 2
1537 2281 1568 2309 et
1588 2274 1644 2309 Pl.
1678 2311 1680 2314 ,

305 2325 419 2357 Bacch.
447 2327 509 2365 36:
545 2327 597 2356 uel
619 2326 651 2356 si
674 2325 736 2356 abl.
760 2329 902 2364 statuas,
920 2322 998 2356 Lr'u.
1027 2333 1058 2355 2.
1085 2324 1115 2356 8.
1144 2323 1203 2363 5):
1228 2323 1411 2354 memoriae
1437 2321 1507 2362 (uel
1526 2321 1576 2362 -e)
1601 2331 1645 2352 ne

304 2370 428 2408 sugerit
447 2368 707 2400 MPFTDLA:
744 2368 906 2399 memorie
931 2378 974 2399 ne
1002 2367 1102 2399 suerit
1130 2366 1203 2408 Up:
1228 2366 1289 2407 des.
1313 2366 1382 2398 O:.
1403 2365 1646 2398 memoriamne

304 2414 427 2452 sugerit
446 2413 519 2444 dett.
541 2424 631 2444 unus
649 2412 702 2453 (cf.
719 2411 782 2444 Cic.
801 2411 850 2443 ad
862 2411 936 2442 Ate.
951 2421 980 2450 7.
1000 2412 1048 2443 18.
1063 2421 1082 2450 3
1101 2410 1187 2449 sugit
1204 2421 1280 2450 me;
1309 2410 1424 2451 Quint.
1446 2419 1478 2449 4.
1491 2419 1522 2449 5.
1542 2418 1564 2449 3
1581 2407 1645 2440 hoc

305 2457 407 2497 fugiet
425 2457 634 2495 memoriam)
650 2469 654 2487 :
680 2456 887 2487 memoriane
901 2455 1048 2486 desuerit
1059 2454 1174 2486 Madv.
1191 2454 1358 2494 (Emend.,
1376 2459 1399 2495 p
1421 2453 1522 2492 220);
1547 2451 1584 2484 de
1599 2462 1640 2491 re,

303 2499 340 2540 cf
358 2510 380 2532 c.
400 2510 451 2540 29.
469 2509 490 2539 3
507 2500 583 2530 adn.
728 2501 748 2530 8
768 2499 954 2530 abduxisse
977 2497 1068 2529 TDL
1085 2508 1093 2529 τ
1117 2498 1301 2529 adduxisse
1319 2495 1545 2538 MPFUpoA
