1722 2748
184 144 266 182 VII
290 154 327 182 11
348 159 366 191 5
795 142 916 180 TITI
950 142 1066 180 LIVI

227 261 251 293 6
270 251 413 304 adegit.
487 254 713 303 Pugnatum
744 251 852 290 haud
888 252 1025 302 procul
1059 259 1171 303 porta
1208 253 1367 292 Collina
1400 260 1460 292 est
1488 250 1611 291 totius

271 318 422 358 uiribus
439 317 608 358 urbisin
629 323 848 368 conspeetu
875 324 1084 368 parentum
1114 319 1413 370 coniugumque
1441 331 1489 358 ac
1517 317 1612 358 libe-

270 398 402 424 rorum
418 398 430 433 3
457 397 560 436 quae
580 396 724 434 magna
738 382 856 422 etiam
873 382 1106 423 absentibus
1123 384 1373 423 hortamenta
1391 382 1515 422 animi
1526 391 1611 423 tum

271 449 451 490 subiecta
485 449 610 489 oculis
644 448 762 488 simul
796 448 1038 489 uerecundia
1068 448 1417 500 misericordiaque
1446 448 1611 489 militem

234 529 251 565 7
270 516 556 556 accendebant.
604 517 752 566 Magna
768 516 967 566 utrimque
982 514 1090 555 edita
1104 516 1228 555 caede
1239 515 1430 555 auertitur
1449 515 1612 569 tandem

269 582 375 622 acies
414 583 630 622 Gallorum.
709 582 818 632 Fuga
857 579 984 619 Tibur
1022 580 1123 620 sicut
1161 594 1292 620 arcem
1331 579 1424 620 belli
1468 579 1610 622 Gallici

271 656 435 700 petunt,
462 646 583 699 palati
613 661 636 686 a
662 647 826 686 consule
858 645 1038 685 Poetelio
1065 647 1173 686 haud
1207 647 1344 697 procul
1375 646 1526 686 Tibure
1552 659 1613 685 ex-

270 713 388 766 cepti,
410 712 574 765 egressis
594 713 646 752 ad
667 726 786 763 opem
807 712 1012 751 ferendam
1037 711 1282 761 Tiburtibus,
1306 711 1424 751 simul
1447 725 1540 751 curn
1565 710 1612 751 iis

234 789 253 820 8
271 779 372 820 intra
393 788 525 831 portas
546 779 851 830 compelluntur.
911 777 1079 829 Egregie
1108 791 1199 817 curn
1222 778 1275 818 ab
1305 777 1498 818 dictatore
1527 785 1611 817 tum

270 846 322 885 ab
351 846 517 886 consule
545 858 606 884 res
634 852 745 896 gesta
773 851 843 883 est.
903 844 956 882 Et
985 844 1125 883 consul
1153 845 1251 883 alter
1280 842 1428 883 Fabius
1454 841 1613 895 proeliis

271 913 441 962 primum
476 910 618 962 paruis,
655 918 857 960 postremo
889 923 968 948 una
999 908 1143 960 insigni
1175 922 1318 960 pugna,
1354 922 1444 948 cum
1478 909 1613 948 hostes

231 988 250 1020 9
271 977 363 1018 totis
382 977 510 1017 adorti
532 975 657 1027 copiis
678 983 820 1024 essent,
847 974 1047 1014 Hernicos
1071 973 1260 1014 deuincit.
1321 974 1502 1014 Dictator
1521 987 1613 1014 con-

270 1043 422 1084 sulibus
443 1042 485 1082 in
505 1050 646 1082 senatu
667 1049 706 1081 et
726 1041 833 1092 apud
854 1041 1048 1091 populum
1070 1040 1280 1091 magnifiee
1300 1039 1548 1080 conlaudatis
1575 1047 1614 1079 et

271 1122 428 1148 suarum
450 1121 610 1159 quoque
631 1120 759 1146 rerum
780 1105 856 1145 illis
877 1105 1042 1145 remisso
1062 1106 1215 1145 honore
1231 1105 1425 1145 dictatura
1445 1119 1488 1145 se
1505 1105 1615 1145 abdi-

270 1173 386 1213 cauit.
458 1172 658 1212 Poetelius
679 1173 730 1211 de
753 1170 878 1211 Gallis
907 1170 1221 1221 Tiburtibusque
1249 1170 1453 1222 geminum
1482 1169 1614 1209 trium·

270 1241 395 1291 phum
416 1238 494 1289 egit
513 1255 520 1278 z
553 1237 678 1277 Fabio
698 1236 790 1276 satis
811 1236 941 1276 uisum
962 1243 1005 1275 ut
1026 1249 1152 1275 ouans
1172 1236 1311 1276 urbem
1332 1235 1459 1275 iniret.

214 1322 252 1344 10
328 1304 505 1344 Inridere
546 1305 695 1343 Poeteli
741 1302 986 1353 triumphum
1027 1301 1240 1342 Tiburtes:
1282 1301 1350 1341 ubi
1385 1301 1490 1341 enim
1522 1314 1612 1340 eum

272 1384 408 1411 secum
428 1370 513 1410 acie
542 1368 798 1410 conflixisse?
855 1377 1096 1420 spectatores
1124 1382 1272 1419 paucos
1303 1369 1419 1420 fugae
1448 1366 1615 1418 trepida-

271 1436 470 1488 tionisque
503 1437 708 1476 Gallorum
744 1443 851 1474 extra
883 1442 1015 1485 portas
1048 1448 1236 1485 egressos,
1259 1441 1471 1485 postquam
1502 1433 1544 1471 in
1573 1445 1615 1472 se

272 1516 434 1554 quoque
467 1501 550 1542 fieri
585 1503 777 1553 impetum
814 1499 986 1539 uiderint
1018 1507 1056 1538 et
1091 1499 1176 1539 sine
1211 1498 1439 1538 discrimine
1472 1497 1615 1537 obuios

214 1584 246 1606 11
272 1568 396 1618 caedi,
420 1569 615 1619 recepisse
635 1581 676 1607 se
698 1568 798 1606 intra
817 1567 955 1605 urben]
973 1580 983 1613 3
1012 1579 1098 1605 eam
1121 1578 1204 1605 rem
1230 1566 1433 1616 triumpho
1453 1563 1613 1614 dignam

272 1634 397 1674 uisam
434 1633 639 1673 Romanis.
698 1647 747 1672 ne
779 1632 898 1671 nimis
931 1631 1072 1670 mirum
1109 1643 1378 1682 magnumque
1409 1636 1614 1669 censerent
1683 1634 1686 1638 ”

271 1701 484 1740 tumultum
507 1700 657 1739 exciere
684 1698 725 1737 in
745 1697 920 1737 hostium
942 1696 1075 1748 portis,
1099 1695 1288 1735 maiorem
1309 1694 1417 1746 ipsos
1446 1694 1614 1747 trepida-

207 1775 251 1803 12
272 1765 422 1805 tionem
443 1772 536 1804 ante
557 1764 716 1803 moenia
731 1777 802 1802 sua
823 1762 988 1802 uisuros.
1104 1763 1245 1812 Itaque
1261 1760 1486 1812 insequenti
1506 1772 1615 1799 anno

273 1833 329 1870 M.
356 1830 510 1882 Popilio
535 1832 710 1869 Laenate
741 1830 815 1869 Cn.
847 1827 1002 1867 Manlio
1031 1826 1263 1867 consulibus
1297 1827 1426 1878 primo
1457 1823 1616 1865 silentio

272 1896 400 1936 noctis
420 1896 472 1935 ab
491 1895 641 1935 Tibure
662 1894 820 1946 agmine
841 1893 984 1933 infesto
1014 1891 1177 1944 profecti
1199 1893 1250 1932 ad
1271 1892 1410 1932 urbem
1441 1893 1614 1931 Romam

237 1977 251 1997 2
273 1969 477 2002 uenerunt.
535 1963 744 2000 Terrorem
767 1968 929 2011 repente
950 1973 996 1998 ex
1021 1972 1165 1998 somno
1195 1957 1371 1997 excitatis
1401 1955 1533 1998 subita
1554 1968 1615 1996 res
1674 1950 1675 1954 ¹

317 2069 337 2097 6
362 2066 662 2105 misericordiaque
676 2063 1033 2106 PFUpBOHTDLA
1052 2074 1059 2094 z
1079 2062 1311 2095 misericordia
1326 2061 1367 2093 M
1451 2061 1616 2093 accende-

273 2111 355 2142 bant
371 2110 455 2141 ΜΡ*
473 2110 525 2141 uel
544 2109 778 2150 P³FUpB<ln·c
801 2107 979 2148 acced—)H
986 2107 1114 2139 TDLA
1132 2118 1140 2138 z
1164 2107 1355 2138 accendant
1378 2105 1427 2137 P:
1451 2105 1615 2137 accende-

274 2155 329 2186 bat
349 2155 379 2186 O
511 2155 531 2184 8
555 2154 673 2185 hostes
686 2154 739 2184 M¹
761 2153 813 2183 nel
828 2151 1110 2183 M²OHTDLA:
1134 2151 1269 2182 hostem
1289 2147 1539 2191 MPFUpBT²‚
1560 2148 1619 2180 Sed
1674 2175 1676 2178 ,

275 2209 364 2230 nom.
371 2198 415 2239 pl.
426 2199 603 2237 requiritur
730 2208 751 2237 9
775 2197 863 2237 apud
881 2195 984 2227 MPF
986 2195 1071 2236 Upi?
1075 2194 1105 2226 O
1111 2193 1239 2225 TDLA
1251 2206 1258 2225 ε
1275 2195 1316 2225 ad
1324 2193 1366 2224 H
1450 2192 1613 2234 populum

273 2241 604 2282 MPFUpBOHTA
622 2252 629 2272 :
653 2241 780 2281 populo
795 2239 862 2271 DL
985 2249 1025 2270 10
1050 2238 1205 2269 Inridere
1223 2261 1229 2268 .
1250 2262 1257 2269 .
1277 2262 1284 2269 .
1303 2236 1479 2279 Tiburtes]
1496 2247 1564 2268 om.
1584 2235 1616 2267 Ο
1668 2272 1670 2274 ,

343 2286 539 2316 conflixisse
555 2283 859 2325 P2FIJpBOT(sed
878 2281 1070 2321 -ssffiDLA
1086 2293 1094 2313 t
1119 2281 1392 2313 conflixissetP:
1417 2279 1616 2312 confixisset

343 2329 384 2360 H
403 2334 616 2370 spectatores
634 2327 855 2369 PFUpBOH
864 2325 992 2357 TD⁸A²
1012 2326 1228 2367 ‘exemplaria
1246 2324 1464 2357 Germanica’
1485 2323 1615 2356 Gelem‘:
1669 2321 1671 2326 ‘

273 2373 508 2414 speculatores
528 2372 630 2403 DLA
647 2383 653 2403 :
681 2370 895 2412 (conflixistis
912 2374 1125 2410 epectatores
1142 2370 1211 2408 (sic)
1231 2368 1286 2410 M)

317 2424 356 2448 12
385 2428 398 2448 1
426 2417 558 2456 Popilio
574 2416 642 2456 (uel
655 2414 817 2455 Popillio)
834 2413 952 2455 Sigon.
969 2426 982 2453 ;
1005 2413 1105 2444 Diod.
1127 2415 1176 2445 16.
1197 2422 1246 2452 15.
1267 2422 1281 2444 1
1304 2412 1453 2453 (Marcus
1473 2410 1614 2452 Poplius
1666 2412 1668 2414 '

276 2462 444 2493 Laenates
467 2466 502 2491 et
526 2460 666 2491 Gnaeus
691 2458 882 2490 Maemilius
908 2456 1146 2498 Imperiosus),
1172 2457 1210 2496 <fi
1229 2467 1251 2487 c.
1271 2466 1322 2496 23.
1347 2466 1359 2487 1
1378 2466 1385 2486 :
1410 2454 1538 2495 popilio
1554 2454 1614 2485 H:

274 2505 427 2546 ponpilio
445 2504 494 2535 B:
522 2504 682 2544 pompilio
702 2500 1023 2543 MPFUpOTDLA
