1722 2748
218 130 300 167 VII
324 139 378 176 30
400 143 418 175 5
839 130 959 168 TITI
993 130 1110 168 LIVI

264 256 281 287 5
359 239 449 279 Fuit
469 240 633 292 quidem
653 241 763 291 apud
782 252 855 279 uos
875 253 1033 291 semper
1052 239 1146 280 satis
1172 239 1276 280 iusta
1295 254 1415 282 causa
1433 240 1642 291 amicitiae,

264 310 284 343 6
303 308 406 346 uelle
427 320 519 346 eum
540 305 656 347 uobis
676 305 851 346 amicum
873 320 959 346 esse
979 306 1047 357 qui
1074 320 1148 346 uos
1176 314 1404 358 appeteret:
1433 308 1642 360 Campani,

303 372 376 413 etsi
413 374 570 413 fortuna
600 386 786 425 praesens
821 372 1032 424 magnifice
1066 372 1177 425 loqui
1210 373 1408 425 prohibet,
1433 387 1516 414 non
1537 374 1645 414 urbis

302 438 578 491 amplitudine,
611 452 694 479 non
733 438 814 491 agri
853 439 1035 479 ubertate
1073 438 1144 478 ulli
1175 441 1333 491 'populo
1369 446 1644 492 praeterquam

304 505 420 545 uobis
441 506 641 553 cedentes,
663 506 771 545 haud
791 519 925 557 parua,
940 512 984 544 ut
1002 504 1182 554 arbitror,
1194 505 1372 545 accessio
1391 505 1509 545 bonis
1528 505 1645 545 rebus

267 581 284 617 7
304 572 444 611 uestris
465 571 506 611 in
526 571 741 611 amicitiam
763 571 949 611 uenimus
976 579 1161 612 uestram.
1222 571 1374 623 Aequis
1395 571 1643 623 Volscisque,

304 638 474 679 aeternis
494 638 677 678 hostibus
704 637 823 678 huius
850 638 971 687 urbis,
994 639 1333 690 quandocumque
1363 651 1407 678 se
1434 639 1642 686 mouerint,

304 705 356 743 ab
392 711 502 755 tergo
542 703 699 752 erimus,
734 711 772 743 et
807 705 918 755 quod
958 717 1030 743 uos
1063 717 1136 755 pro
1169 705 1295 743 salute
1328 711 1464 743 nostra
1497 702 1646 754 priores

305 769 485 819 feceritis,
502 769 543 810 id
563 784 637 809 nos
651 783 722 821 pro
734 769 902 821 imperio
918 778 1049 809 uestro
1070 777 1109 810 et
1124 769 1248 821 gloria
1267 783 1423 821 semper
1443 768 1644 808 faciemus.

267 848 286 880 8
307 836 488 876 Subactis
527 835 587 876 his
617 836 803 887 gentibus
841 849 944 887 quae
978 836 1079 876 inter
1110 849 1185 875 nos
1216 849 1370 887 uosque
1401 842 1504 884 sunt,
1536 836 1645 887 quod

307 902 539 953 propediem
562 903 736 940 futurum
758 902 931 953 spondet
951 908 992 941 et
1009 901 1133 940 uirtus
1155 909 1194 940 et
1214 902 1372 941 fortuna
1391 908 1533 949 uestra,
1555 914 1645 941 con-

269 981 288 1013 9
308 969 438 1007 tinens
478 966 687 1019 imperium
727 981 855 1018 usque
893 969 944 1007 ad
979 980 1053 1006 nos
1086 966 1296 1007 habebitis.
1367 967 1570 1007 Acerbum
1599 981 1646 1008 ac

307 1033 492 1073 miserum
514 1040 573 1072 est
593 1033 703 1084 quod
724 1032 835 1072 fateri
855 1046 928 1072 nos
949 1034 1107 1072 fortuna
1125 1040 1261 1072 nostra
1275 1033 1400 1085 cogit:
1420 1047 1469 1074 eo
1482 1041 1645 1074 uentum

306 1107 375 1148 est,
399 1107 528 1152 patres
549 1098 773 1150 conscripti,
789 1106 832 1138 ut
851 1107 919 1138 aut
939 1099 1159 1138 amicorum
1180 1107 1247 1138 aut
1267 1098 1517 1139 inimicorum
1531 1100 1647 1140 Cam-

247 1183 286 1206 10
306 1167 399 1218 pani
435 1165 571 1205 simus.
629 1166 668 1204 Si
702 1164 929 1214 defenditis,
961 1165 1093 1214 uestri,
1122 1165 1154 1205 si
1184 1165 1376 1215 deseritis,
1410 1166 1646 1206 Samnitium

306 1231 452 1272 erimus
467 1247 477 1281 3
521 1231 702 1283 Capuam
737 1244 830 1282 ergo
859 1238 899 1270 et
933 1231 1197 1282 Campaniam
1229 1245 1392 1272 omnem
1425 1231 1566 1272 uestris
1594 1245 1646 1272 an

307 1296 545 1338 Samnitium
565 1296 717 1336 uiribus
736 1298 928 1337 accedere
948 1296 1103 1346 malitis,
1126 1296 1355 1338 deliberate.
1657 1339 1660 1342 ,

249 1380 283 1402 11
361 1363 562 1403 Omnibus
589 1362 766 1414 quidem,
790 1363 978 1411 Romani,
1004 1371 1179 1403 uestram
1208 1362 1533 1412 misericordiam,
1561 1377 1646 1404 ues-

288 1436 412 1469 ‘trum
450 1428 640 1468 auxilium
680 1442 853 1480 aequum
897 1436 956 1468 est
999 1437 1144 1481 patere,
1185 1428 1233 1469 iis
1280 1437 1415 1470 tamen
1463 1429 1645 1479 maxime,

287 1495 375 1552 'qui
417 1493 535 1550 [eam]
573 1494 879 1547 implorantibus
910 1494 998 1535 aliis
1032 1495 1224 1535 auxilium
1259 1497 1357 1536 dum
1395 1509 1514 1548 supra
1545 1495 1648 1536 uires

307 1574 398 1600 suas
419 1567 629 1612 praestant,
654 1564 847 1602 †0mnes†
869 1560 944 1612 ipsi
965 1560 1006 1600 in
1026 1561 1130 1600 hanc
1146 1561 1422 1601 necessitatem
1439 1569 1644 1602 uenerunt.

251 1643 286 1666 12
309 1629 565 1679 Quamquam
587 1627 854 1679 pugnauimus
881 1627 1006 1667 uerbo
1031 1640 1102 1678 pro
1127 1626 1323 1677 Sidicinis,
1346 1641 1388 1667 re
1415 1641 1488 1679 pro
1517 1627 1645 1676 nobis,
1709 1623 1711 1627 ¹

260 1735 282 1752 l
308 1707 400 1733 cum
421 1695 648 1734 uideremus
668 1693 882 1760 fini-timum
896 1695 1090 1746 populum
1105 1693 1255 1734 nefario
1275 1693 1483 1734 latrocinio
1499 1693 1648 1734 Samni·

351 1803 373 1833 6
396 1806 545 1832 uestram
563 1798 905 1841 MPFUpOTDLA:
922 1809 990 1831 om.
1008 1798 1056 1839 H,
1069 1798 1164 1840 quod
1170 1799 1357 1831 clausulam
1369 1799 1645 1840 (Ciceronianam,
1692 1818 1694 1822 ν

307 1846 345 1883 cf.
366 1848 403 1884 §§
426 1855 475 1884 12,
498 1855 547 1886 14,
570 1853 619 1884 15,
644 1845 697 1882 18)
721 1843 842 1884 perdat
990 1853 1008 1883 7
1033 1844 1185 1875 aeternis
1201 1842 1485 1885 MPFUp0A²?:
1508 1844 1646 1877 alternis
1690 1843 1692 1877 Ῐ

308 1888 481 1920 HTDLA
598 1888 631 1920 id
649 1886 982 1928 MPUpOHTDLA
1000 1898 1007 1919 :
1030 1897 1098 1919 om.
1115 1887 1150 1918 F
1255 1897 1317 1919 nos
1334 1898 1396 1929 pro
1410 1887 1645 1930 P²FUp0T22

310 1944 374 1965 nos
390 1933 450 1964 H:
477 1933 538 1964 iii-0
556 1932 706 1973 (nostro)
725 1930 931 1963 MPTDLA
1110 1933 1142 1970 8,
1160 1943 1181 1972 9
1204 1932 1373 1964 habebitis
1391 1957 1397 1964 .
1413 1956 1420 1965 .
1440 1956 1448 1965 .
1468 1932 1566 1964 fateri
1583 1943 1646 1965 nos

310 1976 616 2018 MPFUpOH-(sed
642 1986 779 2008 acerum
811 1975 868 2017 H)
879 1974 922 2006 Τ2
940 1987 947 2008 :
986 1976 1076 2008 haud
1118 1975 1154 2016 T,
1189 1976 1227 2016 cf
1257 1987 1280 2008 c.
1309 1987 1360 2016 30.
1392 1986 1413 2008 2
1439 1976 1518 2009 adn.
1536 1987 1546 2009 ε
1576 1987 1644 2011 om.

308 2021 410 2052 DLA
564 2031 600 2052 11
620 2025 769 2052 uestrum
787 2020 947 2051 auxilium
962 2020 1025 2051 FA
1042 2031 1050 2051 ε
1068 2025 1288 2061 uestrumque
1304 2021 1466 2052 auxilium
1483 2020 1651 2063 MPUpH

315 2064 457 2097 TDLA¹
476 2065 529 2096 uel
543 2064 593 2096 Α2
612 2066 623 2105 (
628 2065 725 2107 periit
743 2064 774 2095 O
786 2069 863 2106 post
880 2069 997 2096 uestru
1018 2065 1078 2096 sed
1098 2075 1163 2105 que
1187 2076 1255 2096 non
1278 2069 1326 2096 est
1341 2064 1507 2097 exclusum
1525 2066 1649 2098 ratrbne

308 2110 409 2151 spatii
419 2110 550 2151 perditi)
568 2122 575 2141 :
590 2110 672 2149 fort.
687 2113 793 2142 totum
811 2109 1044 2142 secludendum
1158 2110 1198 2141 iis
1215 2108 1263 2141 ed.
1274 2109 1375 2140 Rom.
1394 2111 1493 2151 1469:
1521 2109 1647 2142 hiisA:

309 2154 362 2185 his
387 2153 676 2185 MPF³OHTDL
821 2165 895 2186 eam
914 2152 1185 2185 MPFHTDLA
1202 2165 1210 2186 ε
1236 2154 1334 2185 etiam
1365 2153 1460 2196 Upo,
1480 2153 1529 2187 ed.
1545 2153 1645 2186 Rom.

312 2200 405 2238 1469,
425 2198 471 2230 ed.
497 2198 613 2230 Parm.
641 2200 748 2239 1480:
780 2209 821 2230 ea
842 2198 981 2231 Madv.:
1009 2199 1275 2230 misericordiam
1300 2200 1427 2239 (miani,
1457 2201 1494 2229 ut
1513 2197 1647 2239 quidem

307 2248 411 2283 supra
424 2247 499 2284 post
517 2248 664 2275 uestram
681 2243 789 2274 scribit
805 2242 860 2284 M)
881 2244 934 2274 uel
949 2244 1048 2274 fidem
1075 2242 1249 2274 Weissenb.
1268 2254 1276 2274 ι
1292 2243 1487 2274 seclusimus

307 2287 470 2318 auxilium
499 2286 848 2329 MPFUpHTDLA:
873 2287 933 2328 deff.
963 2287 994 2318 O
1020 2287 1092 2323 (sed
1119 2286 1249 2318 uidetur
1274 2287 1357 2318 salis
1381 2286 1484 2328 spatii
1499 2285 1647 2326 fus'sse):

307 2331 439 2362 secludit
455 2331 564 2363 Madv.
699 2341 818 2363 omnes
832 2330 935 2362 MPF
935 2331 1061 2372 UpOH
1065 2330 1191 2362 TDLA
1207 2343 1214 2363 z
1239 2331 1397 2362 secludere
1409 2330 1479 2362 uolt
1490 2329 1646 2371 Karsten,
1679 2331 1681 2342 ³

308 2386 405 2415 quem
422 2376 554 2406 libenter
571 2386 753 2416 sequamur
765 2375 797 2406 si
809 2386 946 2407 causam
959 2375 1217 2416 interpolationis
1233 2374 1363 2415 reperire
1375 2373 1545 2416 possimus
1554 2386 1568 2413 ;
1584 2383 1649 2414 quo
1678 2378 1679 2382 ’

303 2420 440 2460 pertinet
451 2419 487 2450 id
500 2419 590 2460 quod
603 2420 636 2450 in
650 2419 692 2450 Μ
705 2430 772 2450 uox
785 2425 959 2460 praestant
974 2419 1123 2450 madium
1136 2420 1170 2451 in
1186 2419 1372 2460 marginem
1384 2418 1543 2450 excurrit:
1567 2422 1648 2450 ante

309 2474 428 2495 omnes
439 2463 696 2504 Buett11er,sort.
710 2467 785 2494 recte
798 2463 830 2494 si
839 2463 970 2504 quidem
984 2463 1220 2494 uociomnibus
1234 2462 1381 2494 rhetorice
1392 2462 1650 2503 opponz'statuas
1676 2466 1679 2467 ’
