1722 2748
504 157 575 194 AB
604 156 758 194 VRBE
787 155 1048 195 CONDITA
1340 154 1378 191 X
1399 161 1444 202 15
1464 164 1480 200 7

27 249 37 318 ’ᾖ
104 272 191 305 rent
219 278 360 305 omnes
389 265 605 315 centuriae,
625 267 701 316 Ap.
724 265 926 314 Claudius,
950 263 1169 304 consularis
1192 264 1441 312 candidatus,
1462 271 1481 302 8

35 329 45 359 J
105 330 164 370 uir
182 344 274 371 acer
291 338 331 370 et
354 330 601 380 ambitiosus,
623 344 707 370 non
736 330 796 369 sui
827 329 951 381 magis
980 330 1144 370 honoris
1172 343 1292 369 causa
1320 342 1442 380 quam

28 391 50 450 J*
103 404 147 436 ut
175 395 326 448 patricii
356 396 619 447 reciperarent
647 397 730 436 duo
759 396 983 435 consularia
1011 397 1110 444 loca,
1131 408 1225 434 cum
1250 394 1330 434 suis
1357 402 1441 433 tum

103 462 225 503 totius
245 461 463 503 nobilitatis
488 462 640 502 uiribus
665 461 847 501 incubuit
874 469 917 501 ut
941 475 983 501 se
1010 475 1102 501 cum
1131 463 1180 511 Q.
1206 460 1331 500 Fabio
1350 474 1443 500 con-

102 530 230 569 sulem
250 529 439 568 dicerent.
490 529 638 568 Fabius
658 527 788 580 primo
803 528 855 567 de
870 541 914 568 se
933 529 1075 567 eadem
1095 529 1176 567 fere
1191 541 1294 579 quae
1314 526 1442 578 priore
1461 538 1483 572 9

18 596 49 602 “
102 607 211 634 anno
226 593 400 634 dicendo
416 593 603 633 abnuere.
644 592 912 634 Circumstare
931 594 1068 633 sellam
1086 592 1216 632 omnis
1236 592 1422 632 nobilitas
1431 607 1444 642 ς

48 691 52 699 ,,
103 672 214 699 orare
248 666 292 698 ut
318 673 366 699 ex
392 672 518 699 caeno
546 658 706 710 plebeio
734 660 985 698 consulatum
1016 660 1235 698 extraheret
1264 657 1443 697 maiesta-

102 732 264 775 temque
279 724 482 776 pristinam
501 738 593 764 cum
611 723 750 764 honori
765 731 849 763 tum
863 724 1036 775 patriciis
1049 724 1233 775 gentibus
1246 725 1438 764 redderet.

103 790 250 829 Fabius
265 789 423 829 silentio
439 791 544 829 facto
558 789 692 829 media
703 789 882 829 oratione
898 789 1028 829 studia
1043 789 1252 829 hominurn
1269 788 1424 829 sedauit
1430 803 1442 838 3
1463 803 1503 826 10

101 855 296 894 facturum
317 855 423 894 enim
441 869 484 894 se
503 855 624 894 fuisse
644 855 742 895 dixit
762 863 805 894 ut
821 857 993 895 duorum
1008 855 1260 906 patriciorum
1278 856 1443 895 nomina

5 971 7 974 .
101 920 304 972 reciperet,
327 920 357 959 si
378 920 500 959 alium
521 934 642 971 quam
663 934 706 960 se
725 922 933 960 consulem
955 920 1038 960 fieri
1059 920 1212 960 uideret
1226 935 1237 970 3
1264 934 1372 960 nunc
1399 933 1441 960 se
1464 932 1500 958 11

26 976 51 1038 [⁵
101 998 213 1025 suam
241 986 434 1026 rationem
462 986 645 1035 comitiis,
668 1000 758 1025 curn
781 994 920 1026 contra
946 988 1052 1038 leges
1079 988 1253 1026 futurum
1275 986 1335 1035 sit,
1358 999 1443 1037 pes-

0 1069 3 1072 ·
101 1050 204 1091 simo
223 1054 407 1103 exemplo
428 1065 509 1091 non
530 1051 769 1091 habiturum.
830 1054 892 1091 Ita
922 1053 966 1091 L.
989 1051 1230 1091 Volumnius
1251 1053 1302 1091 de
1323 1052 1441 1102 plebe
1463 1068 1499 1091 12

31 1110 47 1165 ξῖ
101 1130 192 1156 cum
223 1120 298 1169 Ap.
329 1117 499 1158 Claudio
528 1119 667 1157 consul
698 1125 757 1157 est
786 1119 924 1166 factus,
948 1118 1076 1169 priore
1105 1117 1200 1156 item
1231 1118 1441 1157 consulatu

5 1175 9 1180 ,
33 1176 53 1224 ἒῖ,
102 1182 203 1222 inter
231 1197 273 1222 se
302 1183 531 1234 comparati.
591 1181 791 1222 Nobilitas
811 1182 1011 1223 obiectare
1037 1182 1162 1222 Fabio
1183 1182 1328 1235 fugisse
1348 1196 1440 1222 eum

43 1234 50 1273 s*
102 1250 180 1300 Ap.
194 1249 409 1289 Claudium
424 1250 628 1300 collegam,
645 1248 873 1300 eloquentia
886 1248 1150 1301 ciuilibusque
1165 1248 1315 1289 artibus
1332 1249 1439 1289 haud

0 1346 4 1350 .
102 1313 226 1353 dubie
244 1319 520 1365 praestantem.

157 1379 340 1420 Comitiis
361 1381 543 1431 perfectis
565 1388 718 1419 ueteres
738 1381 923 1420 consules
939 1379 1033 1420 iussi
1048 1379 1198 1420 bellum
1215 1379 1255 1419 in
1277 1381 1441 1422 Samnio
1458 1391 1508 1431 16

36 1437 60 1494 «ᾗ,
101 1458 235 1496 gerere
254 1453 464 1497 prorogato
485 1444 525 1484 in
548 1458 616 1484 sex
635 1458 794 1485 menses
815 1445 991 1497 imperio.
1053 1447 1194 1497 Itaque
1214 1445 1440 1497 insequenti
1461 1457 1494 1484 α’

0 1528 9 1542 ψ·
101 1523 264 1562 quoque
278 1523 386 1550 anno
401 1510 446 1550 L.
456 1511 676 1551 Volumnio
691 1513 767 1562 Ap.
783 1511 955 1552 Claudio
970 1511 1202 1551 consulibus
1220 1513 1262 1551 P.
1279 1511 1438 1561 Decius,

5 1568 8 1572 ’
101 1575 170 1627 qui
183 1577 323 1616 consul
338 1575 379 1615 in
395 1575 560 1616 Samnio
574 1576 733 1616 relictus
748 1590 772 1615 a
788 1578 940 1628 collega
952 1579 1088 1625 fuerat,
1105 1578 1316 1628 proconsul
1333 1576 1441 1617 idem

37 1641 53 1687 ἦ.
101 1642 281 1693 populari
319 1656 402 1682 non
435 1642 586 1682 destitit
619 1656 744 1694 agros,
781 1644 912 1682 donec
951 1642 1188 1682 Samnitium
1226 1641 1441 1682 exercitum
1465 1681 1469 1683 .

101 1720 299 1758 nusquam
319 1721 361 1746 se
382 1708 534 1758 proelio
554 1707 872 1747 committentem
894 1715 1096 1758 postremo
1118 1707 1266 1759 expulit
1282 1707 1439 1748 finibus.

11 1780 13 1783 ’
103 1773 299 1812 Etruriam
329 1773 431 1825 pulsi
461 1773 659 1825 petierunt
688 1782 738 1822 et,
762 1775 872 1825 quod
902 1772 1166 1824 legationibus
1195 1773 1440 1825 nequiquam
1461 1789 1479 1821 3

0 1891 2 1898 Ι
101 1851 219 1890 saepe
242 1847 545 1890 temptauerant,
568 1838 610 1878 id
639 1852 681 1879 se
712 1847 824 1878 tanto
852 1838 1011 1890 agmine
1039 1846 1279 1878 armatorum
1310 1839 1441 1879 mixtis

101 1909 247 1943 terrore
266 1903 450 1955 precibus
470 1911 627 1943 acturos
649 1903 847 1944 efficacius
868 1903 951 1951 rati,
974 1905 1276 1955 postulauerunt
1302 1904 1443 1956 princi-

2 2016 5 2027 ’
143 2008 164 2038 8
188 2007 439 2050 reciperarent]
457 2014 700 2048 recuperarent
718 2006 851 2039 MPFO
861 2006 987 2039 TDLA
1009 2007 1063 2048 (cs
1086 2018 1185 2040 1.12.
1210 2018 1224 2039 1
1243 2008 1338 2059 adn.)

56 2052 69 2075 ÷
101 2051 253 2083 incubuit
269 2056 306 2083 ut
326 2051 434 2092 Upo·
459 2052 614 2083 incubuit
630 2051 876 2089 MPFTDLA,
897 2062 959 2083 mx
975 2055 1051 2083 recte
1229 2063 1251 2092 9
1275 2052 1383 2093 primo
1399 2053 1442 2085 de

4 2101 15 2113 ¹·
76 2102 139 2126 se
155 2094 475 2136 MPUpOTDLA:
500 2096 542 2127 de
567 2105 604 2126 se
630 2095 739 2136 primo
756 2095 804 2128 F:
836 2095 947 2135 primo
969 2095 1120 2135 sortasse
1135 2095 1308 2127 delendum
1324 2100 1381 2137 est,
1401 2097 1440 2137 cy:

54 2111 213 2190 ἒΡναεῙ.
232 2142 248 2178 ξ
268 2138 384 2179 sadn.
578 2149 614 2170 11
642 2149 737 2171 suam
764 2139 930 2170 rationem
951 2138 1141 2180 MPFUpO
1152 2138 1318 2171 TDL1A:
1346 2150 1440 2171 suam

7 2190 20 2201 ¹¹⁴
56 2162 79 2239 ἷξ-
100 2182 286 2213 orationem
305 2182 357 2214 L:
382 2183 433 2214 sui
451 2183 618 2215 rationem
635 2181 685 2214 ed.
699 2183 801 2214 Rom.
822 2183 915 2223 1469,
934 2182 993 2213 sed
1005 2193 1081 2213 cum
1099 2183 1302 2223 Alsclufskio
1323 2184 1359 2222 cf
1378 2182 1441 2215 th.

15 2228 21 2239 ⁶
60 2260 70 2273 Ι
82 2224 217 2266 deOff
236 2225 797 2266 1.39.139;adFam.16.12.3;
819 2225 1103 2263 Verr.x.48.126
1248 2237 1286 2258 12
1309 2236 1441 2266 compa-

16 2279 19 2286 ·
59 2267 76 2283 ‘¹
101 2269 163 2299 rati
185 2269 293 2310 UpAw
319 2271 402 2310 (non
424 2250 488 2309 ’T):
520 2270 655 2310 con(uel
677 2279 767 2301 com·
770 2269 919 2311 >parenti
944 2267 1215 2300 MPFOTDLA
1243 2270 1297 2310 (cf.
1318 2280 1366 2301 10.
1386 2280 1439 2303 20.

58 2307 81 2364 ἶ
103 2321 143 2351 13
159 2312 257 2354 adu.)
391 2313 518 2352 fugisse
537 2312 725 2344 OTDLA:
751 2313 854 2344 fuisse
871 2311 1028 2354 MPFUp

60 2347 83 2382 ἑ
144 2354 188 2388 16
217 2367 230 2387 x
260 2356 400 2388 Samnio
417 2355 713 2397 MPFUpOTA2·
706 2380 713 2388 .
737 2354 875 2387 samniti
892 2354 994 2386 DLA
1155 2366 1176 2388 2
1199 2366 1219 2388 a
1234 2356 1368 2397 collega
1384 2355 1442 2389 M³
1464 2378 1467 2380 -

11 2396 13 2401 '
87 2399 155 2431 uel
169 2398 419 2431 M⁴OTDLA.
443 2399 572 2439 collega
590 2399 748 2439 MPFUp
