1722 2748
217 119 275 156 VI
302 128 325 167 7
346 125 366 157 6
829 118 951 156 ΤΙΤΙ
984 117 1102 155 LIVI

261 233 281 265 6
303 232 432 270 Iidem
466 229 581 281 igitur
614 241 754 277 omnes
789 241 936 275 sumus,
968 235 1008 266 et
1036 241 1127 266 cum
1159 228 1299 267 eadem
1330 226 1465 266 omnia
1493 225 1534 266 in
1563 227 1641 265 hoc

302 298 450 337 bellum
466 298 691 336 adferamus
706 307 809 346 quae
825 294 865 332 in
882 293 1012 345 priora
1026 293 1243 342 attulimus,
1260 293 1434 332 eundem
1451 290 1641 332 eu'entum

302 362 396 403 belli
411 369 695 413 exspectemus.
736 361 862 400 Simul
877 358 1163 407 concurreritis,
1186 360 1297 410 quod
1318 357 1488 410 quisque
1502 355 1643 402 didicit

251 470 254 473 ,
302 442 349 468 ac
369 427 577 479 consueuit
598 428 737 466 saciet:
769 439 842 465 uos
864 424 1044 472 uincetis,
1067 423 1121 463 illi
1141 423 1313 475 fugient.'

258 502 284 541 8
359 497 466 534 Dato
485 493 632 534 deinde
653 494 766 544 signo
786 506 833 532 ex
852 505 958 543 equo
974 490 1104 531 desilit
1120 498 1160 531 et
1175 491 1398 542 proximum
1414 481 1643 541 signiferum

304 574 424 600 manu
444 567 643 610 arreptum
664 572 800 598 secum
827 557 869 596 in
895 559 1052 597 hostem
1073 556 1174 608 rapit
1196 559 1205 577 ‘
1222 556 1333 603 infer,
1355 556 1468 595 miles
1484 557 1494 575 '
1513 555 1645 596 clami·
1676 562 1686 571 ·

266 641 283 664 2
303 634 402 674 tans,
421 628 430 646 ‘
443 625 624 677 signum.’
675 625 799 674 Quod
819 622 889 662 ubi
913 622 1062 671 uidere,
1090 621 1221 674 ipsum
1243 621 1469 669 Camillum,
1493 621 1572 661 iam
1591 621 1643 661 ad

302 704 468 743 munera
483 689 659 741 corporis
675 697 836 729 senecta
853 688 1087 737 inualidum,
1106 689 1322 727 uadentem
1339 687 1380 726 in
1395 688 1543 735 hostes,
1560 700 1645 738 pro-

304 765 465 798 currunt
481 757 624 809 pariter
636 770 778 796 omnes
792 757 965 795 clamore
978 755 1136 794 sublato
1154 758 1336 805 ‘sequere
1349 753 1645 805 imperatorem’

267 836 287 869 3
305 837 377 877 pro
397 837 439 864 se
460 824 629 874 quisque
649 824 877 862 clamantes.
937 820 1142 860 Emissum
1162 820 1279 859 etiam
1308 818 1465 870 signum
1485 816 1646 874 Camilli

305 891 413 930 iussu
434 889 474 928 in
496 888 670 929 hostium
686 888 814 934 aciem
830 889 959 927 ferunt
976 886 1098 938 idque
1114 893 1156 925 ut
1171 891 1412 936 repet-eretur
1426 883 1646 927 concitatos

265 973 285 1004 4
304 955 586 1006 antesignanos
602 969 611 1003 ;
649 954 704 994 ibi
733 953 905 1005 primum
940 953 1100 1004 pulsum
1130 950 1345 998 Antiatem,
1378 957 1646 1000 terroremque
1706 978 1711 982 .

246 1009 256 1019 '
307 1035 388 1074 non
422 1021 463 1073 in
497 1020 664 1072 primam
699 1027 853 1059 tantum
886 1018 1014 1057 aciem
1048 1018 1119 1056 sed
1152 1016 1271 1056 etiam
1305 1017 1357 1055 ad
1391 1013 1646 1055 subsidiarios

269 1095 285 1127 5
307 1089 514 1139 perlatum.
573 1088 611 1126 N
615 1099 661 1125 ec
681 1086 742 1125 uis
762 1092 918 1124 tantum
939 1083 1110 1122 militum
1132 1082 1332 1130 mouebat,
1353 1082 1522 1121 excitata
1541 1093 1647 1132 prae-

308 1153 435 1194 sentia
454 1151 579 1200 ducis,
597 1153 668 1191 sed
689 1152 798 1202 quod
815 1151 1054 1189 Volscorum
1069 1148 1212 1188 animis
1229 1147 1325 1186 nihil
1341 1146 1550 1187 terribilius
1565 1153 1648 1186 erat

269 1224 289 1257 6
309 1232 429 1270 quam
450 1218 572 1269 ipsius
594 1216 752 1258 Camilli
772 1218 872 1255 forte
892 1215 1026 1254 oblata
1050 1213 1202 1265 species
1215 1227 1227 1261 3
1255 1213 1310 1252 ita
1329 1225 1586 1264 quocumque
1605 1224 1648 1251 se

308 1283 505 1323 intulisset
524 1282 734 1322 uictoriam
755 1295 891 1321 secum
913 1280 1021 1319 haud
1042 1279 1206 1319 dubiam
1227 1278 1421 1318 trahebat:
1472 1276 1648 1317 Maxime

309 1350 351 1389 id
380 1348 546 1389 euidens
575 1348 656 1395 fuit,
688 1361 781 1386 cum
811 1346 852 1385 in
881 1347 1039 1385 laeuum
1070 1357 1193 1383 cornu
1222 1357 1346 1395 prope
1376 1342 1453 1388 iam
1488 1344 1647 1394 pulsum

310 1422 466 1466 arrepto
485 1421 646 1465 repente
666 1426 772 1464 equo
791 1425 883 1451 cum
904 1418 1018 1451 scuto
1033 1409 1207 1462 pedestri
1221 1411 1415 1449 aduectus
1430 1415 1648 1460 conspectu

313 1494 386 1520 suo
409 1479 601 1532 proelium
628 1478 808 1526 restituit,
838 1485 1042 1518 ostentans
1066 1475 1295 1515 uincentem
1315 1482 1487 1515 ceteram
1506 1473 1646 1514 aciem.

275 1557 293 1590 7
314 1549 401 1586 Iam
423 1545 610 1585 inclinata
628 1558 688 1585 res
708 1552 800 1592 erat,
825 1545 896 1583 sed
916 1543 1032 1582 turba
1052 1541 1227 1581 hostium
1247 1548 1286 1580 et
1302 1541 1393 1592 fuga
1408 1539 1648 1591 impedieba-

313 1621 375 1652 tur
399 1621 437 1652 et
460 1614 578 1663 longa
601 1612 724 1651 caede
748 1609 1002 1650 conficienda
1026 1609 1241 1647 multitudo
1265 1614 1375 1646 tanta
1401 1607 1505 1646 fesso
1536 1603 1649 1644 militi

314 1686 405 1726 erat,
434 1691 525 1717 cum
555 1685 716 1728 repente
743 1675 972 1726 ingentibus
998 1674 1180 1726 procellis
1208 1674 1317 1712 fusus
1347 1672 1474 1712 imber
1502 1679 1650 1711 certam

275 1750 295 1781 8
315 1743 438 1795 magis
477 1742 684 1782 uictoriam
722 1755 843 1792 quam
882 1740 1076 1792 proelium
1115 1738 1284 1778 diremit.
1343 1737 1466 1789 Signo
1504 1737 1651 1777 deinde

316 1810 489 1861 receptui
510 1810 604 1848 dato
624 1821 703 1847 nox
724 1807 903 1846 insecuta
923 1806 1066 1858 quietis
1088 1804 1282 1845 Romanis
1299 1803 1461 1856 perfecit
1477 1804 1626 1843 bellum
1641 1816 1652 1850 3

318 1875 448 1914 Latini
476 1887 650 1924 namque
678 1881 717 1913 et
748 1872 914 1912 Hernici
944 1872 1088 1912 relictis
1117 1870 1274 1911 Volscis
1308 1872 1452 1910 domos
1485 1867 1652 1921 profecti

276 1961 298 1994 9
317 1949 418 1988 sunt,
451 1939 563 1978 malis
592 1938 767 1978 consiliis
797 1952 910 1990 pares
939 1938 1074 1989 adepti
1104 1945 1273 1977 euentus
1288 1950 1299 1985 ;
1336 1934 1473 1975 Volsci
1506 1934 1577 1974 ubi
1610 1946 1653 1972 se

317 2008 493 2046 desertos
512 2006 563 2044 ab
583 2005 639 2045 eis
660 2005 796 2044 uidere
821 2017 991 2056 quorum
1018 2003 1165 2043 fiducia
1190 2003 1487 2048 rebellauerant,
1509 1998 1653 2047 relictis

361 2110 383 2144 8
411 2121 425 2142 1
451 2111 568 2142 desilit
583 2109 843 2142 MF³HTDLA
859 2121 867 2140 :
892 2109 1028 2140 consilit
1046 2106 1261 2148 PFUpBOE
1427 2115 1448 2136 2
1471 2104 1653 2136 uadentem

318 2154 639 2196 MPFUpBOFerx
653 2155 798 2186 uadente
814 2151 958 2194 E)7²D¹
976 2151 1030 2184 uel
1043 2151 1127 2182 D²A
1142 2162 1150 2182 :
1175 2151 1346 2182 ualentem
1363 2147 1520 2181 HTD?L
1571 2161 1576 2163 ·

316 2209 336 2239 5
362 2199 517 2231 mouebat
528 2197 759 2239 MPUpOEH
765 2197 892 2228 TDLA
905 2206 915 2230 ι
940 2196 1074 2228 ualebat
1088 2193 1196 2226 FBD³
1212 2198 1219 2216 (
1227 2193 1284 2230 hic,
1300 2197 1339 2224 ut
1351 2191 1533 2224 secundam
1549 2191 1652 2223 lectio-

317 2243 411 2283 nem)
564 2251 591 2281 7·
606 2242 685 2282 fuga
710 2241 957 2282 impediebatur
972 2238 1132 2270 HTLRn
1151 2237 1232 2270 Ald.
1257 2241 1286 2268 el
1300 2236 1346 2269 ed.
1366 2235 1461 2268 Frob.
1483 2244 1565 2276 1535
1579 2234 1616 2274 (i.
1627 2245 1652 2266 e.

317 2287 414 2318 turba
430 2286 608 2323 abluimus,
626 2286 703 2326 suga
722 2284 954 2316 nomt'nati'uus
968 2286 1039 2320 0³⁴:
1068 2282 1107 2314 de
1118 2282 1184 2313 loco
1197 2280 1378 2323 particulae
1388 2284 1421 2311 et
1434 2281 1650 2320 praeposteroq

316 2331 354 2371 cs.
380 2342 412 2369 4.
441 2331 472 2361 6.
497 2331 529 2364 ιδ
547 2342 554 2361 z
586 2331 666 2368 suga
694 2329 737 2360 im
745 2328 813 2370 (uel
834 2328 882 2359 ini
907 2327 1083 2367 -pediebat
1111 2326 1222 2357 Vorm.
1235 2326 1254 2355 ?
1277 2321 1651 2364 MPFUpBOETwA

318 2373 435 2411 (sedin
449 2372 482 2403 F
491 2373 626 2412 aliquid,
646 2383 712 2403 non
725 2382 766 2411 m,
781 2375 859 2412 post
870 2371 950 2411 suga
965 2380 1100 2401 erasum
1124 2373 1152 2401 et
1166 2374 1178 2399 ῑ
1195 2368 1303 2399 denuo
1315 2367 1492 2408 scriptum)
1507 2377 1516 2397 ι
1539 2365 1653 2406 sugam

317 2417 523 2493 ἰὴῃῗῗὶῗέεῐ
536 2416 582 2447 ed.
597 2415 728 2489 Mlegiiol.
747 2424 829 2456 1495
957 2425 980 2454 9
1003 2423 1145 2454 quorum
1160 2437 1167 2444 .
1185 2437 1190 2444 .
1207 2436 1215 2445 .
1232 2411 1408 2442 includunt
1419 2407 1658 2451 MP²FUpOE

509 2471 516 2491 :
541 2470 606 2491 om.
943 2473 949 2478 ·
