1722 2748
282 140 384 177 VIII
408 141 436 178 6
463 156 498 186 14
881 142 1000 179 TITI
1034 142 1151 179 LIVI

361 250 679 290 administratum
701 260 814 299 esset,
838 260 932 290 tunc
957 252 1012 291 uti
1040 252 1249 303 disciplina
1274 252 1450 292 militaris
1473 255 1526 293 ad
1550 254 1698 305 priscos

303 330 341 362 15
361 316 603 368 redigeretur
623 330 765 357 mores.
823 319 971 358 Curam
991 319 1160 358 acuebat
1190 319 1299 370 quod
1323 320 1515 359 aduersus
1536 319 1699 360 Latinos

325 400 330 404 ·
361 383 592 422 bellandum
621 391 713 431 erat,
735 383 879 435 lingua,
903 383 1090 432 moribus,
1112 397 1312 424 armorum
1336 397 1490 436 genere,
1512 384 1699 425 institutis

361 456 452 488 ante
473 448 607 488 omnia
629 448 862 489 militaribus
883 458 1166 501 congruentes:
1193 449 1336 489 milites
1350 449 1552 498 militibus,
1565 458 1699 491 centu-

362 514 539 554 rionibus
578 516 841 563 centuriones,
875 515 1023 555 tribuni
1062 515 1230 555 tribunis
1273 518 1479 567 compares
1511 517 1700 568 collegae-

361 593 440 632 que
460 579 602 621 iisdem
622 579 697 633 (in)
718 580 932 631 praesidiis,
956 595 1074 632 saepe
1105 581 1245 621 iisdem
1274 581 1485 632 manipulis
1519 582 1699 633 permixti

302 651 340 683 16
360 646 524 685 fuerant.
576 648 650 685 Per
670 648 768 686 haec
789 660 839 686 ne
859 660 940 697 quo
960 660 1089 686 errore
1110 647 1253 686 milites
1277 655 1518 699 caperentur,
1538 648 1700 688 edicunt

359 713 544 751 consules
565 725 615 751 ne
636 712 723 763 quis
745 720 852 752 extra
872 712 1054 752 ordinem
1075 712 1118 751 in
1136 714 1292 753 hostem
1313 720 1516 765 pugnaret.

316 783 339 823 7
416 780 534 818 Forte
559 778 659 819 inter
685 788 838 819 ceteros
862 787 1078 819 turmarum
1106 781 1324 830 praefectos
1357 779 1425 830 qui
1453 781 1699 830 exploratum

360 844 401 884 in
432 858 572 884 omnes
603 852 733 896 partes
767 845 920 884 dimissi
950 852 1072 894 erant,
1104 847 1153 885 T.
1185 844 1360 884 Manlius
1392 844 1567 885 consulis
1597 845 1699 886 filius

360 924 477 962 super
497 918 622 950 castra
645 910 819 950 hostium
841 924 932 950 curn
957 910 1037 950 suis
1065 910 1298 950 turmalibus
1325 910 1465 959 euasit,¹
1485 910 1539 950 ita
1564 918 1608 950 ut
1634 912 1700 950 uix

323 990 337 1012 2
360 976 428 1017 teli
448 976 551 1016 iaetu
573 978 625 1017 ab
645 976 816 1016 statione
835 978 1014 1028 proxima
1033 977 1201 1017 abesset.
1261 976 1324 1016 Ibi
1344 976 1562 1016 Tusculani
1588 985 1699 1016 erant

359 1042 540 1095 equites;
575 1051 752 1095 praeerat
782 1043 976 1083 Geminus
1008 1042 1199 1092 Maecius,
1226 1042 1286 1082 uir
1311 1056 1403 1082 cum
1429 1055 1572 1093 genere
1599 1042 1699 1083 inter

247 1140 256 1149 ,
296 1118 298 1120 ’
321 1128 338 1159 3
359 1122 452 1148 suos
472 1116 556 1147 tum
580 1108 691 1148 sactis
712 1110 850 1148 clarus.
911 1110 951 1148 Is
979 1108 1046 1148 ubi
1077 1110 1282 1147 Romanos
1309 1109 1462 1158 equites
1490 1107 1700 1159 insignem-

358 1188 438 1226 que
469 1176 570 1214 inter
600 1188 668 1214 eos
703 1176 1007 1226 praecedentem
1043 1174 1217 1214 consulis
1251 1173 1524 1213 filium—nam
1558 1186 1698 1213 omnes

318 1260 337 1288 4
359 1240 460 1280 inter
480 1254 531 1287 se,
556 1242 693 1311 μϊίρμὲ
717 1240 885 1280 illustres
910 1240 994 1288 uiri,
1016 1240 1101 1279 noti
1128 1239 1494 1290 erant—cognouit,
1520 1241 1530 1260 ‘
1545 1241 1698 1279 unane’

357 1306 411 1346 ait
446 1301 806 1346 ‘turnia”'Romani
841 1320 932 1345 cum
965 1305 1115 1345 Latinis
1146 1305 1343 1356 sociisque
1373 1305 1522 1345 bellum
1552 1305 1698 1356 gesturi

357 1372 480 1412 estis?
509 1372 607 1424 quid
634 1372 782 1412 interea
805 1374 999 1426 consules,
1023 1372 1121 1423 quid
1149 1373 1231 1411 duo
1256 1371 1447 1411 exercitus
1472 1373 1698 1411 consulares

319 1456 336 1487 5
355 1440 525 1489 agent?'
576 1439 778 1478 ‘Aderunt
799 1438 838 1477 in
855 1439 1055 1489 ternpore'
1078 1438 1252 1477 Manlius
1274 1437 1415 1489 inquit,
1439 1441 1607 1477 ‘etcum
1623 1437 1698 1478 illis

357 1506 481 1544 aderit
504 1504 682 1556 Iuppiter
702 1504 800 1555 ipse,
819 1505 1025 1544 foederum
1046 1517 1070 1543 a
1090 1503 1206 1543 uobis
1228 1503 1464 1543 uiolatorum
1485 1503 1606 1552 testis,
1629 1503 1698 1556 qui

319 1581 338 1613 6
357 1572 446 1622 plus
466 1578 597 1622 potest
618 1571 830 1621 polletque.
890 1570 931 1609 Si
950 1571 1003 1610 ad
1025 1571 1224 1621 Regillum
1246 1571 1374 1610 lacurn
1397 1571 1448 1611 ad
1476 1570 1697 1610 satietatem

357 1644 528 1676 uestram
570 1636 845 1687 pugnauimus,
883 1637 947 1675 hic
982 1650 1144 1688 quoque
1179 1636 1395 1676 efficiemus
1434 1638 1612 1688 profecto
1647 1649 1698 1674 ne

320 1713 336 1748 7
357 1702 475 1742 nimis
494 1701 599 1741 acies
619 1701 734 1741 uobis
755 1710 793 1741 et
814 1703 971 1741 conlata
991 1702 1103 1754 signa
1124 1701 1334 1742 nobiscum
1352 1701 1462 1742 cordi
1479 1703 1582 1741 sint.’
1631 1702 1698 1740 Ad

357 1782 404 1808 ea
424 1768 618 1808 Geminus
639 1769 801 1819 paulum
821 1769 872 1807 ab
893 1768 973 1807 suis
993 1782 1099 1820 equo
1127 1776 1339 1820 prouectus
1356 1785 1363 1808 :
1398 1767 1543 1808 ‘Visne
1570 1767 1696 1819 igitur,

357 1836 455 1875 dum
476 1836 560 1874 dies
581 1835 654 1873 ista
674 1833 783 1873 uenit
817 1847 895 1885 qua
922 1848 1067 1886 magno
1094 1842 1238 1874 conatu
1269 1833 1461 1874 exercitus
1491 1833 1694 1881 moneatis,

357 1900 507 1940 interea
527 1907 569 1939 tu
589 1899 673 1951 ipse
693 1900 881 1951 congredi
904 1914 1073 1948 mecum,
1098 1908 1140 1939 ut
1161 1907 1297 1939 nostro
1318 1901 1488 1939 duorum
1510 1899 1588 1939 iam
1604 1897 1698 1938 hinc

357 1973 503 2006 euentu
524 1973 705 2005 cernatur
736 1974 930 2017 quantum
952 1980 1074 2017 eques
1090 1966 1255 2005 Latinus
1274 1967 1460 2005 Romano
1477 1971 1646 2017 praestet
1659 1963 1698 2004 ?’
1717 1997 1722 2015 ·‚

319 2039 338 2070 8
359 2033 500 2070 Mouet
521 2032 693 2070 ferocem
716 2031 894 2070 animum
917 2031 1071 2072 iuuenis
1093 2045 1161 2071 seu
1183 2031 1238 2070 ira
1259 2045 1327 2070 seu
1349 2030 1594 2071 detractandi
1621 2043 1698 2070 cer·

405 2140 443 2170 14
469 2131 515 2161 uti
535 2129 899 2172 MPFUpOHTDLA
917 2141 924 2162 ε
948 2130 1063 2170 utique
1081 2129 1210 2170 sgron„
1229 2141 1295 2161 non
1313 2131 1407 2163 male.
1427 2130 1487 2161 sed
1497 2141 1577 2162 cum
1596 2130 1696 2163 Gron.
1719 2169 1722 2171 ι

356 2174 393 2215 cs.
414 2185 468 2205 22.
489 2183 501 2204 1
512 2185 537 2205 1.
558 2186 577 2214 4
699 2184 736 2215 15
759 2175 876 2206 iisdem
893 2174 1075 2215 (uelisdem
1090 2174 1144 2205 uel
1154 2174 1299 2214 hisdem)
1314 2173 1698 2216 MPFUpOHTDLA:

358 2219 393 2249 in
406 2218 526 2250 iisdem
547 2219 758 2260 Wesenberg:
784 2219 902 2250 iisdem
920 2219 954 2249 in
974 2222 1050 2249 recte
1065 2218 1193 2250 mauolt
1207 2217 1350 2258 Conway
1438 2218 1617 2258 praesidiis
1633 2242 1641 2250 .
1661 2241 1668 2250 .
1691 2242 1697 2250 .
1715 2222 1722 2260 j

357 2272 461 2302 saepe
481 2263 599 2293 iisdem
617 2273 673 2293 om
702 2263 737 2293 D
1509 2282 1512 2285 Δ
1720 2278 1722 2281 ·

402 2312 422 2346 7
446 2317 465 2345 4
490 2306 660 2347 sociisque
677 2305 1001 2348 PFUpOHTDLA
1020 2317 1027 2337 :
1050 2306 1152 2337 sociis
1171 2305 1211 2336 M
1363 2315 1383 2345 5
1407 2311 1441 2337 et
1458 2316 1532 2337 cum
1549 2293 1722 2348 PFUpO}

358 2349 530 2381 HTDLA
548 2361 555 2381 :
581 2357 692 2382 tecum
711 2350 768 2381 M:
794 2355 827 2381 et
846 2356 913 2382 tum
932 2349 1002 2380 dett.
1022 2350 1097 2390 aliq.
1117 2350 1222 2389 quiet
1238 2349 1311 2386 illis,
1333 2360 1408 2380 cum
1429 2350 1466 2389 L,
1486 2349 1646 2381 onn'ttunt
1713 2359 1722 2385 ’ξ

360 2404 378 2434 7
404 2395 539 2433 paulum
559 2393 890 2436 MPFUpOHDLA
908 2405 914 2425 :
939 2393 1042 2434 paulo
1064 2393 1176 2426 Tdett.
1197 2394 1271 2434 aliq.
1290 2405 1297 2424 t
1322 2393 1493 2433 paululum
1511 2393 1584 2426 dett.
1603 2393 1695 2434 aliq„
1720 2417 1722 2422 .

359 2437 445 2470 Edd.
467 2449 571 2479 usque
590 2439 636 2469 ad
649 2438 893 2479 Alsclnfskium
1058 2449 1125 2478 qua
1143 2437 1226 2469 101²*r
1230 2439 1241 2479 (
1247 2443 1307 2479 per
1322 2437 1540 2478 raS.)UpOH
1547 2436 1671 2468 TDLA
1690 2448 1698 2468 :
1715 2436 1722 2461 ¹,

361 2493 458 2523 quam
479 2482 596 2512 MP-’F
1715 2466 1722 2534 ἶ

1717 2615 1722 2642 Ξ

1714 2647 1722 2683 -ε

1707 2695 1722 2748 l
