1722 2748
246 132 348 169 VIII
372 142 416 179 13
439 148 455 177 3
861 133 981 172 ΤΙΤΙ
1014 133 1130 171 LIVI

329 243 598 291 haberet-et,
620 243 650 282 si
672 243 784 282 cuius
805 243 941 294 oppidi
965 243 1124 284 obsidio
1144 243 1327 284 nuntiata
1349 252 1464 292 esset,
1487 243 1667 296 undique

288 326 310 358 4
328 321 375 347 ex
389 309 575 348 omnibus
588 308 745 360 populis
765 309 954 348 auxilium
967 310 1142 350 obsessis
1158 311 1334 350 ferretur.
1375 311 1520 362 Neque
1533 317 1668 351 tamen

329 373 404 413 nisi
423 375 644 413 admodum
658 375 830 426 apaucis
850 376 1009 426 populis
1024 375 1175 414 Pedani
1195 374 1323 415 adiuti
1337 383 1440 415 sunt.
1481 375 1668 417 Tiburtes
1721 401 1722 431 l

330 439 669 492 Praenestinique,
684 454 852 492 quorum
869 454 960 492 ager
976 440 1136 492 propior
1152 448 1244 489 erat,
1259 443 1414 481 Pedum
1429 454 1669 493 peruenere3
1721 435 1722 438 ¹

290 518 307 549 5
328 506 513 546 Aricinos
541 506 853 557 Lanuuinosque
880 514 919 547 et
941 507 1166 547 Veliternos
1192 507 1421 547 Antiatibus
1441 507 1600 548 Volscis
1626 521 1669 548 se

328 572 616 624 coniungentes
635 574 686 612 ad
708 575 876 612 Asturae
893 574 1042 612 flumen
1065 574 1251 613 Maenius
1271 573 1490 625 improuiso
1505 575 1668 614 adortus

290 642 310 674 6
328 637 440 678 fudit.
501 638 692 679 Camillus
712 639 764 677 ad
787 639 939 678 Pedum
960 652 1051 678 cum
1073 638 1318 688 Tiburtibus,
1343 639 1514 680 maxime
1533 640 1668 680 ualido

329 703 516 754 exercitu,
546 704 692 744 maiore
727 706 833 744 mole
863 718 1107 756 quamquam
1138 718 1267 756 aeque
1297 718 1488 757 prospero
1520 713 1668 745 euentu

292 783 309 818 'a'
330 778 490 822 pugnat.
542 772 777 810 Tumultum
802 771 972 810 maxime
994 772 1201 822 repentina
1220 770 1321 811 inter
1341 771 1538 823 proelium
1559 785 1669 823 erup-

330 835 386 876 tio
419 836 712 888 oppidanorum
748 836 840 876 fecit
854 851 865 885 ;
894 837 933 876 in
969 850 1070 888 quos
1102 845 1212 888 parte
1247 838 1440 877 exercitus
1475 850 1669 890 conuersa

331 902 523 943 Camillus
545 916 626 942 non
648 902 842 954 compulit
870 904 1000 942 solum
1025 916 1094 942 eos
1123 903 1224 942 intra
1253 904 1413 943 moenia
1431 904 1502 943 sed
1524 904 1667 943 eodem

329 968 451 1008 etiam
471 970 546 1017 die,
570 982 661 1015 cum
682 968 789 1021 ipsos
809 969 1032 1020 auxiliaque
1053 983 1190 1009 eorum
1213 969 1454 1020 perculisset,
1472 968 1667 1021 oppidum

291 1044 310 1074 8
329 1034 444 1074 scalis
462 1034 578 1087 cepit.
639 1035 792 1074 Placuit
813 1035 907 1075 inde
926 1035 1005 1074 iam
1033 1034 1181 1075 maiore
1205 1042 1350 1075 conatu
1377 1034 1594 1086 animoque
1617 1034 1669 1074 ab

328 1100 447 1140 unius
466 1100 758 1152 expugnatione
773 1100 881 1140 urbis
901 1101 953 1140 ad
968 1101 1286 1151 perdomandum
1304 1100 1463 1140 Latium
1475 1101 1668 1140 uictorem

329 1165 630 1213 circumducere
663 1166 878 1206 exercitum
896 1181 906 1215 3
949 1179 1024 1206 nec
1058 1165 1245 1218 quieuere
1278 1173 1494 1218 antequam
1526 1178 1668 1217 expug-

329 1233 467 1272 nando
495 1239 564 1272 aut
585 1233 626 1271 in
645 1232 893 1272 deditionem
913 1231 1150 1284 accipiendo
1176 1231 1351 1283 singulas
1369 1231 1488 1271 urbes
1509 1230 1667 1271 Latium

290 1312 309 1344 9
330 1311 452 1338 omne
500 1298 701 1350 subegere.
779 1297 988 1338 Praesidiis
1027 1297 1122 1337 inde
1164 1297 1365 1348 dispositis
1404 1310 1474 1349 per
1510 1304 1669 1348 recepta

329 1366 478 1416 oppida
492 1367 665 1405 Romam
680 1366 732 1405 ad
752 1365 994 1405 destinatum
1007 1366 1187 1404 omnium
1204 1377 1402 1404 consensu
1422 1364 1667 1415 triumphum

330 1431 547 1470 decessere.
588 1431 763 1470 Additus
782 1430 986 1482 triumpho
1005 1431 1135 1470 honos
1150 1437 1195 1470 ut
1214 1436 1367 1470 statuae
1380 1435 1584 1481 equestres
1598 1427 1666 1478 eis,

328 1509 416 1535 rara
435 1495 501 1535 illa
519 1503 648 1535 aetate
667 1509 740 1544 res,
761 1496 802 1535 in
822 1497 909 1535 foro
927 1503 1179 1547 ponerentur.

274 1579 312 1603 ro
387 1563 621 1613 Priusquam
642 1562 813 1601 comitiis
835 1562 876 1601 in
896 1561 1172 1614 insequentem
1186 1574 1337 1601 annum
1356 1562 1542 1600 consules
1561 1573 1668 1611 roga-

330 1635 429 1677 rent,
451 1628 644 1669 Camillus
664 1630 716 1669 de
739 1628 889 1668 Latinis
909 1627 1067 1680 populis
1086 1629 1139 1668 ad
1168 1634 1351 1668 senatum
1379 1626 1527 1667 rettulit
1547 1634 1667 1678 atque

317 1738 324 1745 ⁴
372 1743 394 1773 3
417 1738 452 1765 et
467 1733 526 1766 del.
543 1733 731 1765 dubitanter
745 1733 791 1764 H.
809 1733 846 1772 J.
867 1732 1017 1773 Mueller,
1037 1743 1093 1764 nec
1114 1733 1202 1764 male
1225 1732 1295 1764 nisi
1315 1732 1486 1765 nobiscum
1506 1737 1569 1776 per
1582 1732 1669 1765 hanc

329 1778 586 1809 coniunctionem
609 1777 777 1809 clausulas
802 1777 936 1818 oppidis
962 1787 999 1808 se
1023 1781 1181 1808 tenerent
1207 1780 1236 1807 et
1259 1777 1287 1807 si
1317 1776 1412 1808 cuius
1433 1800 1441 1808 .
1459 1799 1467 1808 .
1488 1801 1496 1808 .
1517 1776 1667 1809 serretur

328 1822 479 1862 copulare
493 1826 616 1853 statues
748 1833 767 1861 4
792 1821 895 1853 adiuti
913 1819 1237 1861 MPFUpOHD³A¹
1256 1820 1310 1851 uel
1322 1819 1393 1852 A²:
1416 1820 1564 1852 adiuncti
1583 1819 1667 1852 TD?

330 1865 394 1896 LA
530 1875 549 1905 5
573 1866 784 1906 lanuuinosq.
806 1863 1100 1905 MPFUpOTlD:
1125 1865 1315 1904 lanuinosq.
1330 1864 1381 1895 L:
1410 1864 1577 1904 lauinosq.
1596 1864 1671 1896 HT

329 1908 380 1940 D²
396 1909 450 1940 uel
462 1909 509 1941 D³
520 1915 581 1951 per
599 1920 664 1942 ras.
692 1909 726 1940 A
741 1920 749 1941 ε
780 1908 970 1949 lanuuiosq.
999 1907 1048 1938 Α2
1070 1909 1124 1940 uel
1144 1907 1196 1939 Α3
1215 1912 1254 1940 ut
1273 1908 1438 1940 lectionem
1459 1907 1663 1940 secundam:

329 1953 542 1994 lauiniosque
555 1953 626 1985 dett.
641 1954 707 1993 aliq
722 1977 730 1993 ,
743 1952 860 1994 Sigon.
875 1964 891 1984 e
901 1952 990 1985 Fast.
1007 1952 1109 1994 Capit.
1123 1952 1174 1994 (cs.
1189 1955 1197 1972 ⁴
1211 1953 1253 1984 de
1268 1952 1459 1984 Lauinieis'
1473 1951 1551 1984 C.·I.
1567 1951 1607 1984 L.
1623 1951 1662 1993 i2,

323 2003 358 2038 p.
371 2008 426 2037 44:
452 2008 483 2029 a.
503 2008 534 2029 u.
552 2008 575 2029 c.
594 1999 672 2038 416)
689 1997 748 2028 secl
760 1997 796 2038 cf.
814 2008 837 2029 c.
860 2007 909 2030 12.
929 2007 947 2038 7
967 1996 1019 2038 (de
1033 1997 1224 2039 confusione
1247 1997 1427 2029 nominum
1444 1996 1482 2037 cs:
1501 1997 1532 2028 6.
1549 2006 1580 2028 2.
1599 1997 1667 2028 8‘et

328 2042 432 2073 Drak.
453 2041 530 2072 adn.
549 2042 596 2073 ad
609 2052 639 2081 3.
660 2051 711 2081 29.
729 2042 764 2083 6)
914 2041 1063 2073 Asturae
1087 2041 1268 2073 Sabellicus
1287 2052 1303 2072 e
1324 2041 1434 2072 Plinio
1449 2051 1480 2080 3.
1500 2050 1532 2080 5.
1549 2050 1572 2081 9
1587 2041 1604 2078 ξ
1621 2050 1662 2081 57

329 2085 380 2125 (cf.
399 2085 496 2126 infra,
518 2089 533 2123 ξ
550 2086 613 2125 12),
628 2085 674 2117 ed.
695 2085 775 2118 Par.
795 2095 899 2126 1510:
924 2091 1058 2118 saturae
1077 2086 1142 2127 (-e)
1161 2084 1265 2116 MPF
1265 2084 1391 2126 UpOH
1395 2083 1425 2115 T
1420 2083 1491 2116 A³=
1515 2089 1664 2116 saturem

327 2128 430 2160 DLA
530 2131 551 2160 6
563 2130 707 2161 maxime
715 2129 973 2162 MOHTDLA:
990 2128 1316 2170 maximequefflUp
1324 2128 1383 2160 T²÷
1403 2127 1663 2168 maximiqueF:

328 2173 484 2214 maxique
502 2173 552 2211 P;
579 2174 638 2205 sed
652 2174 798 2205 maxime
811 2198 819 2206 .
836 2199 843 2207 .
860 2200 867 2207 .
881 2174 1044 2214 exercitu,
1058 2178 1097 2205 ut
1106 2174 1272 2214 glossema
1282 2173 1422 2204 alicuius
1437 2173 1564 2204 maiore
1577 2171 1665 2203 mole

328 2217 480 2257 explicate
498 2218 651 2249 conantis
670 2218 829 2249 secludere
852 2218 1028 2251 malimus.
1069 2216 1121 2248 De
1141 2227 1217 2248 uoce
1235 2227 1318 2257 -que
1335 2216 1535 2258 glossemati
1550 2214 1665 2247 addita

328 2261 366 2300 cf.
381 2271 409 2300 7.
431 2263 478 2293 16.
496 2271 513 2300 7
530 2272 538 2299 ;
559 2263 590 2294 8.
611 2272 640 2302 7.
661 2263 700 2293 16
719 2261 798 2293 adn.
834 2261 877 2293 Si
891 2262 991 2293 uerba
1008 2261 1133 2297 retines,
1150 2261 1302 2292 clausula
1318 2271 1394 2291 cum
1410 2259 1605 2292 Tiburtibus
1620 2262 1667 2290 est

329 2305 557 2345 coniungenda
702 2316 718 2344 7
745 2307 831 2336 intra
852 2304 1040 2347 PFUpOH
1046 2304 1174 2335 TDLA
1192 2316 1199 2336 ε
1230 2309 1346 2335 contra
1362 2303 1406 2334 M
1543 2303 1564 2334 8
1586 2302 1663 2334 sub·

329 2359 431 2388 egere
447 2348 635 2390 PFUpOH
643 2348 768 2380 TDLA
786 2361 793 2380 :
818 2349 996 2380 subiecere
1013 2348 1054 2380 M
1065 2359 1072 2380 τ
1097 2349 1254 2389 subigere
1270 2348 1342 2380 dett.
1362 2346 1437 2388 aliq.
