1722 2748
1061 61 1084 80 0

771 118 1094 177 PRAEFATm

259 228 431 268 seruauit
452 228 491 267 in
513 228 689 280 margine
715 230 777 277 M,
800 236 1009 280 utramque
1033 236 1075 268 ut
1103 228 1260 269 uidetur
1289 229 1329 268 in
1353 228 1499 269 codice
1527 242 1601 269 suo

260 293 415 334 inuenit
435 294 654 334 Gelenius}

314 359 374 413 (d)
404 360 557 399 Eadem
583 373 745 411 quoque
774 361 928 399 ratione
948 361 1007 398 usi
1029 361 1207 411 quinque
1228 360 1350 400 lineas
1377 360 1521 412 partim
1549 361 1602 401 ab

259 425 523 477 grammaticis
545 427 709 464 Donato
728 434 768 465 et
788 425 921 465 Probo
942 427 1079 465 citatas
1105 435 1212 466 recte
1236 426 1353 466 Liuio
1372 428 1425 466 ad
1441 441 1477 478 9.
1494 439 1558 476 40.
1578 440 1601 478 3

260 491 482 530 reddidisse
508 490 733 531 credimus:

367 573 908 626 (msVAmNAEARGENTEAE

371 637 893 691 BALTEAARGENTEA)AVRA
1237 677 1368 716 lineae
1386 676 1428 716 in

369 715 863 743 TAEVAGINAEAVRATABA
1090 733 1305 784 archetypo
1327 732 1603 772 Nicomacheo

371 781 898 815 LTEAILLISERANTETEQVO
1255 796 1424 838 amissae

369 846 841 874 RVMINAVRATATAPETA
994 848 1014 887 5

372 894 650 941 HISDEXTRVM
656 912 735 940 COR
741 903 914 941 NVDA'rx'l

262 989 475 1030 Credimus
524 988 648 1028 lineas
693 1000 765 1040 1—5
810 990 851 1028 in
896 997 1122 1031 nostrorum
1170 990 1382 1042 exemplari
1430 1003 1500 1041 per
1546 991 1604 1041 ὀμ.

260 1055 371 1095 uocis
403 1066 472 1093 ms
502 1053 669 1094 omissas
699 1067 786 1095 esse
803 1069 813 1104 3
853 1068 974 1095 uoces
997 1057 1059 1096 lzis
1088 1088 1096 1097 .
1129 1088 1137 1097 .
1169 1087 1178 1098 .
1208 1062 1388 1107 argentea
1416 1056 1606 1095 audacter

261 1120 546 1173 suppleuimus.
1310 1111 1319 1119 ”

327 1188 345 1237 ξ
366 1189 428 1234 46.
462 1188 670 1226 Postremo
685 1187 789 1225 hanc
804 1188 978 1237 regulam
995 1186 1140 1227 nostris
1160 1185 1511 1227 emendationibus
1527 1186 1605 1226 iam

261 1261 378 1293 antea
399 1252 438 1291 in
460 1253 537 1291 hoc
559 1259 671 1292 tomo
691 1252 922 1303 excogitatis
942 1267 1033 1292 cum
1055 1253 1339 1301 adhibuissem,
1362 1266 1396 1292 e.
1404 1266 1440 1304 g.
1463 1253 1505 1291 in
1524 1265 1607 1292 con-

261 1325 422 1371 spectum
442 1319 613 1357 omnium
635 1317 687 1369 (8.
717 1320 774 1358 18.
799 1318 842 1371 9)
863 1319 930 1358 ubi
952 1319 1135 1359 ordinem
1161 1321 1290 1359 lineae
1308 1318 1426 1358 unius
1454 1326 1607 1358 mutare
1630 1365 1634 1369 ὁ

262 1384 345 1423 ausi
360 1397 516 1423 eramus
524 1398 534 1432 ;
554 1386 646 1423 ordo
659 1415 667 1424 .
688 1416 695 1424 .
715 1416 723 1424 .
738 1385 900 1423 habebat
914 1383 967 1436 (8.
984 1387 1019 1424 8.
1034 1385 1077 1439 4)
1094 1385 1162 1424 ubi
1179 1384 1430 1425 tribuslineis
1447 1383 1606 1424 mutatis

264 1451 461 1489 medelam
486 1449 563 1488 loci
592 1451 669 1489 iam
693 1458 915 1501 reppererat
937 1451 1113 1502 Conway
1127 1466 1137 1500 3
1172 1466 1207 1502 9.
1235 1465 1296 1501 19.
1318 1465 1343 1500 4
1363 1450 1432 1491 ubi
1459 1451 1604 1490 lineam

264 1529 382 1554 unam
413 1517 589 1555 Ausones
615 1517 839 1567 Hernt'cosq.
872 1517 1102 1556 addendam
1132 1517 1332 1566 uelimus3
1358 1517 1415 1557 sic
1445 1530 1607 1568 quoque

263 1596 298 1630 4.
335 1596 367 1621 2.
400 1596 425 1630 4
454 1581 554 1635 (10),
585 1582 654 1621 ubi
684 1581 899 1622 sententias
935 1581 1013 1621 iam
1043 1584 1379 1633 transtuleramus,
1410 1596 1502 1622 cum
1534 1597 1607 1623 nos

263 1647 522 1698 repperissem
550 1655 643 1686 octo
663 1646 787 1686 lineas
817 1647 869 1685 ab
896 1649 1020 1687 altero
1040 1649 1130 1687 loco
1151 1649 1191 1686 in
1213 1650 1379 1688 alterum
1407 1647 1583 1688 mouisse
1595 1662 1607 1698 3

263 1720 414 1752 tantam
460 1713 555 1752 inde
599 1711 943 1752 confirmationem
991 1714 1221 1763 accepimus
1266 1722 1309 1753 ut
1355 1713 1395 1752 in
1440 1712 1607 1752 audacia

264 1786 398 1817 nostra
423 1779 623 1818 duremus.

320 1845 440 1883 Hanc
471 1845 665 1883 rationem
695 1843 746 1882 ad
777 1844 887 1882 locos
919 1844 1134 1883 nonnullos
1164 1844 1326 1883 decadis
1360 1844 1498 1883 tertiae
1528 1843 1606 1883 iarn

263 1908 471 1960 adplicaui.

318 1977 430 2026 §47.
476 1976 585 2015 Inter
626 1974 703 2014 alia
742 1973 889 2014 indicia
931 1974 1172 2026 (efisignum
1215 1974 1448 2027 ambiguum
1496 1975 1516 2026 ξ
1557 1987 1607 2027 33

263 2039 332 2094 (c))
365 2041 510 2093 quibus
549 2042 788 2092 glossemata
825 2040 957 2092 detegi
996 2042 1059 2080 uel
1098 2041 1345 2092 suspiciones
1383 2042 1607 2081 confirmari

264 2106 427 2159 possint,
451 2108 699 2146 numeranda
730 2114 789 2146 est
819 2107 970 2146 formae
998 2107 1038 2145 in
1070 2106 1278 2146 codicibus
1308 2105 1473 2146 uariatio
1503 2119 1608 2158 quae

307 2214 318 2235 ¹
345 2213 414 2246 Iam
434 2214 467 2245 in
485 2213 671 2254 marginem
695 2217 891 2245 nostrorum
913 2212 1117 2254 exemplaris
1136 2213 1199 2244 hae
1217 2223 1319 2244 uoces
1336 2212 1499 2244 uidentur
1515 2213 1608 2245 exci-

265 2268 381 2307 disse3
415 2267 514 2299 huius
538 2266 748 2307 exemplaris
766 2265 878 2298 scriba
903 2266 969 2298 alio
993 2277 1074 2298 usus
1098 2272 1170 2298 erat
1198 2266 1377 2307 pauciores
1401 2265 1546 2298 fortasse
1571 2266 1606 2298 in

266 2331 467 2361 unaquaque
491 2320 579 2352 linea
605 2319 736 2351 litteras
757 2318 929 2360 habente;
955 2319 995 2352 cs.
1018 2318 1133 2361 Clark,
1155 2318 1294 2350 Descent
1311 2317 1354 2358 os
1367 2317 1606 2359 Manuscnjbts,

266 2385 335 2413 eg.
355 2384 391 2414 p.
413 2383 488 2413 124.

914 2449 961 2475 XX
