1722 2748
232 132 292 170 VI
318 142 370 180 23
393 148 407 170 2
423 139 433 141 “’
857 135 977 174 ΤΙΤῙ
1009 136 1127 175 LIVI

318 243 510 295 explicare
540 244 666 284 aciem
700 246 771 285 sed
798 247 1014 296 procedere
1048 245 1087 284 in'
1119 246 1296 286 medium
1326 245 1457 298 campi
1480 253 1521 287 et
1549 248 1656 287 uallo

318 324 440 362 prope
469 310 643 351 hostium
674 310 784 362 signa
819 313 1026 352 inserendo
1056 312 1266 363 superbam
1297 312 1486 354 fiduciam
1508 312 1656 358 ‘uirium

275 390 293 421 3
317 385 524 417 ostentare.
603 379 653 417 Id
691 391 807 430 aegre
846 378 1068 429 patiebatur
1107 381 1315 422 Romanus
1362 379 1505 428 miles,
1531 382 1658 424 multo

316 443 468 494 aegrius
488 445 585 483 alter
601 458 647 483 ex
669 444 837 485 tribunis
859 444 1041 494 militum,
1061 447 1104 484 L.
1125 444 1275 495 Furius,
1294 447 1403 485 ferox
1416 459 1510 490 cum*
1528 454 1659 495 aetate

274 512 278 516 “
317 518 355 549 et
375 509 545 561 ingenio,
565 517 648 549 tum
671 510 937 551 multitudinis
950 525 996 551 ex
1018 511 1280 552 incertissimo
1293 512 1486 552 sumentis
1501 511 1658 555 animos

275 595 294 626 4
317 589 387 626 spe
408 575 575 615 inflatus.
638 576 719 616 Hic
740 590 809 627 per
829 590 871 617 se
892 576 969 616 iam
992 576 1135 618 milites
1157 579 1340 618 incitatos
1370 579 1532 629 insuper
1542 579 1658 635 ¹insti-

316 641 434 692 gabat
448 643 656 690 elenando,
675 656 754 693 qua
767 656 846 682 una
860 650 1025 693 poterat,
1038 650 1167 683 aetate
1179 645 1454 683 auctoritatem
1467 645 1655 697 collegae,

316 707 529 747 iuuenibus
550 708 662 750 bella,
681 709 774 747 data
797 708 984 748 dictitans
1008 715 1047 748 et
1077 722 1167 748 cum
1197 709 1430 760 corporibus
1459 709 1594 762 uigere
1618 718 1658 751 et

276 792 295 825 5
317 775 577 814 deflorescere
615 774 770 814 animos
786 789 795 823 3
836 782 1109 815 cunctatorem
1148 788 1195 814 ex
1232 775 1424 816 acerrimo
1466 777 1658 833 bellatore

317 841 463 879 factum
499 847 548 888 et,
585 839 653 890 qui
687 839 909 881 adueniens
942 847 1069 880 castra
1102 841 1300 892 urbesque
1338 841 1467 893 primo
1505 841 1657 895 impetu

316 918 452 956 rapere
472 905 521 945 sit
542 905 692 954 solitus,
714 919 805 946 eum
829 905 999 946 residem
1030 907 1132 946 intra
1159 907 1308 946 uallum
1337 915 1656 960 tempus-terere,

317 971 413 1023 quid
451 985 703 1012 accessurum
739 972 819 1012 suis
848 974 1158 1013 decessurumue
1191 973 1362 1013 hostium
1392 973 1547 1030 uiribus¹
1573 987 1658 1026 spe-

275 1047 296 1081 6
319 1039 502 1078 rantem?
545 1051 666 1091 quam
700 1037 969 1088 occasionem,
1004 1040 1113 1090 quod
1149 1047 1317 1091 tempus,
1350 1053 1471 1091 quem
1502 1039 1655 1081 insidiis

277 1116 292 1149 7
317 1103 575 1144 instruentem
599 1105 764 1144 locum?
803 1105 942 1156 frigere
965 1119 1012 1144 ae
1039 1113 1194 1156 torpere
1218 1105 1323 1145 senis
1349 1105 1528 1147 consilia.
1585 1107 1657 1150 sed

287 1166 289 1168 ’
317 1169 487 1210 Camillo
508 1183 597 1209 eum
621 1170 726 1210 uitae
747 1170 840 1210 satis
861 1178 944 1210 tum
958 1170 1104 1222 gloriae
1124 1183 1209 1210 esse
1222 1179 1237 1219 ';
1268 1170 1365 1222 quid
1384 1172 1551 1212 attinere
1563 1185 1655 1212 cum

317 1235 470 1275 mortali
491 1249 656 1287 corpore
677 1250 758 1276 uno
779 1236 951 1276 ciuitatis
972 1250 1091 1288 quam
1114 1237 1377 1277 immortalem
1407 1250 1496 1278 esse
1514 1239 1657 1279 deceat

316 1301 395 1352 pati
417 1314 702 1341 consenescere
725 1302 857 1342 uires?

275 1373 292 1402 8
372 1367 449 1406 His
470 1367 721 1408 sermonibus
743 1376 824 1408 tota
846 1368 884 1407 in
907 1382 949 1408 se
968 1376 1162 1408 auerterat
1183 1376 1336 1418 castm3
1361 1377 1402 1410 et
1421 1383 1514 1410 cum
1532 1369 1658 1410 omni-

316 1433 389 1472 bus
420 1432 516 1472 locis
547 1441 775 1484 posceretur
805 1448 947 1486 pugna,
987 1434 1225 1475 ‘sustinere’
1250 1434 1389 1487 inquit,
1429 1437 1513 1476 ‘M.
1550 1434 1654 1486 Furi,

316 1512 397 1538 non
431 1513 642 1550 possumus
678 1498 869 1551 impetum
906 1500 1085 1548 militum,
1118 1509 1157 1540 et
1190 1500 1324 1550 bostis,
1357 1501 1470 1541 cuius
1500 1501 1656 1542 animos

316 1565 543 1604 cunctando
563 1564 755 1612 auximus,
776 1564 851 1604 iam
872 1565 1033 1605 minime
1054 1567 1259 1606 toleranda
1275 1566 1460 1618 superbia
1475 1566 1638 1608 insultat
1646 1582 1657 1618 3

314 1631 413 1675 cede
434 1644 536 1669 unus
557 1630 744 1670 omnibns·
766 1639 804 1671 et
831 1639 964 1682 patere
993 1639 1031 1671 te
1061 1631 1166 1671 uinci
1197 1631 1364 1671 consilio
1394 1639 1437 1672 ut
1467 1633 1656 1678 maturius

274 1713 292 1744 9
315 1697 420 1736 bello
441 1696 576 1736 uineas
595 1698 613 1735 ’.
673 1698 738 1737 Ad
760 1712 807 1737 ea
833 1698 1036 1747 Camillus,
1059 1711 1162 1749 quae
1193 1698 1295 1738 bella
1325 1712 1398 1738 suo
1427 1700 1545 1739 unius
1571 1713 1658 1740 aus-

313 1763 418 1814 picio
448 1770 558 1814 gesta
586 1764 638 1803 ad
669 1777 756 1803 eam
790 1763 896 1804 diem
936 1772 1078 1812 essent,
1115 1778 1258 1816 negare
1291 1764 1331 1804 in
1359 1764 1415 1805 eis
1449 1779 1585 1818 neque.
1615 1780 1658 1808 se

314 1843 444 1880 neque
479 1831 673 1881 populum
713 1832 944 1870 Romanum
977 1838 1046 1870 aut
1084 1830 1236 1870 consilii
1277 1832 1336 1871 sui
1368 1839 1439 1872 aut
1476 1833 1658 1874 fortunae
1678 1843 1685 1873 1

312 1895 553 1947 paenituisse
571 1910 581 1944 ς
612 1909 718 1935 nunc
741 1898 840 1936 scire
862 1910 905 1936 se
927 1898 1118 1948 collegam
1140 1897 1285 1938 habere
1306 1897 1389 1938 iure
1409 1897 1658 1951 imperioque
1681 1897 1686 1921 Γ

355 2009 402 2042 23
427 2012 447 2041 3
471 2001 568 2034 ferox
586 2002 638 2034 hic
656 2006 790 2044 ponunt
811 2003 923 2036 Vorm.
943 2002 1239 2045 MPFlJpBOEH
1243 2002 1370 2035 TDLA
1386 2015 1400 2043 ;
1419 2007 1496 2045 post
1517 2003 1658 2045 ingenio

314 2045 540 2084 Luterbacher,
554 2051 730 2088 perperam
746 2047 838 2088 quod
858 2048 978 2079 Liuius
986 2049 1123 2088 ferociae
1134 2047 1221 2079 duas
1232 2058 1352 2079 causas
1365 2048 1491 2086 statuit,
1510 2058 1658 2089 quarum
1679 2051 1683 2081 i

313 2090 453 2121 alteram
478 2094 545 2122 tota
570 2090 721 2123 clausula
746 2097 843 2125 tum.
890 2093 1054 2125 ,inflatus
1076 2092 1226 2134 praebet,·
1249 2092 1285 2132 cs
1311 2102 1336 2124 1.
1359 2101 1412 2131 25.
1442 2101 1456 2122 1
1484 2093 1570 2132 (tum
1595 2097 1659 2133 pro
1676 2092 1683 2130 ζ

313 2145 387 2165 eum
406 2133 468 2174 ΜΞ,
489 2140 522 2166 et
539 2141 642 2177 supra
667 2136 789 2167 lineam
811 2136 888 2168 add.
908 2136 970 2173 ΓΙ)
1133 2146 1153 2175 4
1177 2136 1332 2167 incitatos
1353 2134 1681 2170 MPFBOEHTD·

314 2176 402 2209 LA:
428 2184 574 2211 mutatos
595 2180 645 2221 Up
800 2191 819 2222 5
843 2181 899 2221 qui
921 2180 1050 2222 UpOE¹
1076 2180 1129 2211 uel
1148 2179 1250 2211 ΕΤ*
1253 2178 1376 2211 D⁷A¹2
1401 2180 1478 2220 quia
1487 2174 1681 2241 ‘MPFBEAE

312 2221 484 2253 HTDLA
686 2235 808 2265 rapere
847 2224 959 2255 Vorm.
966 2227 985 2256 ,9
1016 2222 1494 2265 MPFUpBOEHTDLA?:
1535 2233 1681 2267 capere

312 2265 357 2296 A
356 2267 371 2287 9
395 2267 468 2299 dett.
488 2268 563 2309 ahq
586 2267 854 2308 ed.Ftob.1535
873 2279 955 2308 quos
971 2269 1082 2299 male
1075 2279 1133 2307 eq.
1153 2267 1315 2310 ngmle,
1333 2267 1554 2299 Luterbacher
1670 2273 1679 2306 ξ

311 2312 332 2341 6
356 2310 580 2343 instruentem
609 2312 726 2343 retmeo
749 2323 823 2342 rum
846 2311 1235 2352 MPFUpBOEHTDL
1239 2311 1271 2341 A
1293 2315 1324 2343 et
1342 2314 1380 2342 ut
1396 2322 1431 2342 m
1453 2313 1541 2345 {extu
1559 2311 1670 2343 itaer·
1662 2319 1679 2355 ξ

307 2359 423 2396 pungo
440 2356 514 2386 —sr‘c
530 2366 659 2396 quoque
683 2366 752 2387 mm
775 2354 821 2386 ΙΞῙ2
838 2355 891 2386 uel
908 2355 957 2386 Ε8
980 2359 1010 2386 et
1029 2355 1076 2387 ed.
1102 2355 1198 2387 Frob.
1228 2364 1334 2395 1535:
1361 2355 1571 2387 instruendis
1587 2354 1670 2387 sme‘

311 2409 411 2430 causa
430 2399 532 2431 Gron.
552 2410 714 2440 quomam
737 2400 960 2431 instruentem
984 2402 1013 2429 et
1031 2404 1226 2439 sperantem
1248 2399 1346 2431 alteri
1361 2398 1502 2430 alterum
1527 2403 1641 2439 respon

311 2442 407 2474 dent:
435 2444 646 2475 instruendis
657 2447 877 2483 quaerentem
891 2442 1041 2483 Alscltefi
1039 2443 1096 2473 λθι
1090 2467 1096 2474 .
1121 2442 1335 2483 ingruentem
1354 2443 1493 2483 Fragm.
1507 2442 1660 2483 Ilnvcrlg
1720 2479 1722 2481 r

311 2487 384 2518 dett.
404 2488 477 2527 al1q.
499 2487 586 2518 unde
603 2491 846 2524 congruentem
866 2485 981 2528 Szgon.
1035 2486 1101 2527 [De
1117 2487 1166 2518 his
1187 2489 1223 2525 ἐξ
1243 2498 1262 2526 3
1286 2488 1307 2517 6
1325 2498 1357 2518 11.
1372 2486 1474 2528 plura
1493 2486 1527 2517 iu
1547 2485 1655 2531 Clas-5„

313 2531 431 2570 Quart.
452 2531 497 2561 xii
522 2532 647 2570 '19¹8‘·
671 2535 702 2570 s’·
721 2530 758 2570 3]
1651 2540 1655 2548 ³
