1722 2748
232 133 290 169 1x
310 141 367 178 40
391 144 408 178 7
838 130 959 168 TITI
993 131 1112 168 LIVl

311 244 460 281 Dextro
499 241 584 292 ipse
622 254 744 280 cornu
780 240 969 288 consistit,
1008 240 1166 279 sinistro
1199 241 1387 292 praefecit
1420 240 1649 292 magistrum

271 317 290 348 8
309 307 502 359 equitum.
562 306 689 347 Simul
714 315 776 348 est
798 320 1048 354 concursum,
1071 306 1211 358 ingens
1231 307 1304 346 fuit
1324 321 1417 347 cum
1438 308 1552 347 hoste
1571 321 1649 348 cer-

310 382 457 423 tamen,
481 387 564 412 non
591 372 751 425 segnius
778 373 880 413 inter
900 372 1135 413 dictatorem
1157 380 1197 412 et
1216 374 1447 424 magistrum
1470 373 1650 424 equitum

271 451 290 479 9
310 439 362 479 ab
383 447 470 479 utra
490 446 599 490 parte
619 439 786 479 uictoria
806 438 1007 491 inciperet,
1065 438 1175 478 Prior
1195 441 1295 479 sorte
1316 438 1456 479 Iunius
1475 452 1651 479 commo-

312 506 369 545 uit
390 507 557 553 hostem,
580 506 698 544 laeuo
716 506 900 545 dextrum
927 518 1067 554 cornu,
1087 513 1260 545 sacratos
1281 518 1391 544 more
1412 505 1650 545 Samnitium

313 572 456 611 milites
486 584 615 622 eoque
644 571 816 610 candida
847 579 957 610 ueste
986 579 1025 610 et
1056 570 1215 622 paribus
1245 572 1420 611 candore
1448 571 1567 610 armis
1596 571 1650 610 in-

312 639 441 689 signes
456 651 466 686 ;
495 650 563 677 eos
585 650 627 676 se
648 637 755 676 Orco
777 645 948 676 mactare
966 637 1106 676 Iunius
1127 636 1324 685 dictitans,
1347 650 1438 676 cum
1456 636 1651 676 intulisset

219 734 222 737 .
254 716 292 738 10
311 705 432 756 signa,
455 703 630 743 turbauit
650 703 810 743 ordines
831 710 871 742 et
891 704 999 742 haud
1019 702 1141 743 dubie
1163 702 1319 754 impulit
1337 702 1477 742 aciem.
1528 703 1651 754 Quod

313 769 381 809 ubi
421 770 544 809 sensit
582 769 767 817 dictator,
803 769 876 808 ‘ab
910 770 1079 808 laeuone
1113 782 1237 808 cornu
1269 768 1435 808 uictoria
1468 767 1651 819 incipiet'

311 835 440 888 inquit
463 838 525 875 ‘et
544 836 725 874 dextrum
753 848 890 883 cornu,
911 835 1115 875 dictatoris
1141 834 1260 884 acies,
1280 834 1452 874 alienam
1476 847 1650 886 pugnam

251 917 286 940 ιι
310 910 508 953 sequetur,
525 915 609 940 non
630 909 781 952 partem
803 900 1016 940 maximam
1037 902 1226 941 uictoriae
1242 902 1421 941 trahet?'
1465 901 1652 942 Concitat

313 966 482 1015 milites;
511 979 586 1006 nee
614 968 796 1018 peditum
827 966 962 1006 uirtuti
991 967 1146 1018 equites
1170 974 1243 1013 *aut
1272 969 1491 1018 legatorum
1522 966 1653 1007 studia
1690 953 1698 963 ’

253 1044 288 1065 12
311 1032 484 1072 ducibus
511 1033 671 1072 cedunt.
733 1033 792 1072 M.
812 1031 995 1072 Valerius
1013 1045 1038 1071 a
1057 1033 1207 1082 dextro,
1230 1034 1273 1072 P.
1298 1032 1447 1072 Decius‘
1465 1031 1517 1072 ab
1537 1033 1652 1072 laeuo

311 1112 447 1147 cornu,
481 1099 604 1138 ambo
642 1099 882 1147 consulares,
917 1099 969 1137 ad
1007 1100 1161 1149 equites
1200 1097 1242 1137 in
1279 1099 1468 1138 cornibus
1502 1099 1652 1150 positos

297 1165 538 1204 euehuntur
566 1164 847 1215 adhortatique
875 1177 956 1212 eos,
979 1172 1022 1203 ut
1052 1173 1203 1216 partem
1234 1178 1371 1204 secum
1401 1173 1652 1217 capesserent

252 1247 290 1277 ¹3
311 1229 478 1278 decoris,
501 1229 542 1268 in
563 1237 788 1269 transuersa
815 1230 937 1269 latera
965 1229 1142 1268 hostium
1166 1229 1381 1270 incurrunt.
1453 1231 1494 1270 Is
1524 1243 1652 1270 nouus

310 1296 472 1335 additus
490 1303 614 1334 terror
633 1308 726 1334 cum
742 1308 789 1334 ex
810 1302 920 1345 parte
941 1302 1109 1346 utraque
1128 1295 1448 1336 circumuasisset
1465 1297 1599 1337 aciem
1614 1303 1654 1336 et

276 1364 287 1374 ²
311 1363 362 1402 ad
383 1370 572 1402 terrorem
588 1362 763 1401 hostium
779 1361 956 1412 legiones
975 1363 1185 1402 Romanae
1199 1362 1466 1415 redintegrato
1481 1364 1654 1403 clamore
1679 1387 1686 1394 ·

253 1444 291 1475 ¹4
313 1428 539 1467 intulissent
564 1428 742 1478 gradum,
765 1435 849 1466 tum
880 1429 972 1479 fuga
999 1427 1052 1467 ab
1081 1429 1327 1469 Samnitibus
1352 1437 1505 1481 coepta.
1566 1430 1653 1469 Iam
1709 1471 1711 1473 ,

313 1503 442 1546 strage
470 1492 680 1533 hominum
706 1506 989 1544 armorumque
1015 1493 1229 1545 insignium
1257 1493 1390 1546 campi
1413 1493 1580 1546 repleri;
1607 1507 1655 1534 ac
1706 1537 1711 1551 JV

314 1560 443 1611 primo
463 1558 632 1611 pauidos
653 1558 851 1598 Samnites
877 1566 1004 1598 castra
1030 1573 1102 1599 sua
1127 1573 1330 1611 accepere,
1349 1559 1499 1601 deinde
1527 1574 1580 1601 ne
1608 1573 1655 1601 ea
1696 1562 1711 1622 ’ξ

314 1625 479 1677 quidem
513 1631 690 1674 retenta3
729 1624 856 1676 captis
889 1624 1134 1677 direptisque
1167 1633 1262 1666 ante
1293 1633 1454 1666 noctem
1486 1625 1655 1667 iniectus
1698 1626 1713 1648 ’ἴ

315 1691 426 1744 ignis.

256 1774 292 1805 15
371 1757 552 1797 Dictator
572 1771 620 1798 ex
639 1765 801 1798 senatus
821 1758 1007 1797 consulto
1025 1757 1296 1810 triumphauit,
1320 1758 1433 1798 cuius
1453 1757 1655 1810 triumpho

255 1833 294 1866 16
314 1826 432 1875 longe
454 1824 667 1863 maximam
688 1825 864 1874 speciem
884 1823 1043 1875 captiua
1061 1838 1170 1863 arma
1190 1825 1418 1876 praebuere.
1478 1825 1654 1874 Tantum
1692 1831 1697 1878 ᾖ

317 1891 634 1941 magnificentiae
655 1892 785 1929 uisum
806 1889 848 1928 in
868 1890 940 1938 his,
963 1897 1007 1929 ut
1033 1899 1169 1930 aurata
1195 1898 1308 1930 scuta
1327 1889 1502 1931 dominis
1522 1904 1656 1942 argen-
1694 1886 1696 1891 ’

316 1956 501 1996 tariarum
535 1957 585 1995 acl
619 1957 747 1995 sorum
777 1957 1005 1996 ornandum
1031 1956 1316 1997 diuiderentur.
1384 1959 1487 1998 Inde
1517 1957 1654 2006 natum
1690 1971 1692 1974 ’

359 2063 379 2092 8
395 2070 597 2092 concursum
613 2059 668 2091 Μ3
684 2061 738 2092 uel
754 2060 962 2102 M⁴PFUp0
970 2060 1118 2094 TDLA
1112 2074 1118 2081 ·
1136 2072 1382 2095 concursurum
1398 2063 1438 2095 M
1523 2073 1545 2103 9
1561 2061 1656 2095 iiior-e

315 2103 563 2146 MUpTDLA:
587 2115 698 2136 mores
712 2104 793 2136 PF:
819 2105 882 2143 def.
901 2105 932 2136 O
1075 2116 1184 2146 eoque
1196 2105 1512 2149 MPUpOTDLAz
1529 2116 1656 2147 eosque

314 2149 347 2180 F
495 2159 532 2179 se
558 2159 597 2180 οι
599 2160 639 2180 co
662 2155 808 2181 mactare
829 2148 1070 2190 P²UpOT112=
1094 2161 1132 2181 sc
1155 2161 1235 2182 orco
1265 2157 1411 2183 martare
1436 2150 1489 2183 P:
1513 2160 1550 2182 se
1575 2160 1657 2182 orco

315 2197 500 2224 mactatore
520 2193 566 2224 F:
601 2204 637 2224 se
661 2203 740 2225 orca
754 2194 796 2234 (3)
821 2199 970 2225 mactare
994 2192 1052 2226 M.
1077 2204 1232 2226 seorsum
1254 2201 1375 2234 aptare
1397 2193 1455 2226 M²
1472 2194 1526 2226 uel
1543 2194 1656 2236 polius
1680 2199 1683 2201 '

315 2237 355 2267 M
362 2237 370 2253 ”
395 2240 449 2276 tut
470 2237 650 2268 secundam
675 2237 882 2278 lectionem):
914 2247 1068 2269 seorsum
1093 2243 1207 2270 actare
1231 2238 1332 2270 DLA
1359 2240 1415 2278 (ut
1437 2238 1581 2278 uidetur)

317 2281 488 2312 intulisset
511 2281 554 2312 T²
574 2281 626 2312 nel
647 2281 691 2312 T¹
710 2281 757 2314 ed.
779 2281 879 2314 Rom.
903 2292 1009 2321 1470:
1034 2281 1229 2314 intulissent
1246 2281 1568 2324 MPFUpOTDLA

320 2334 353 2355 11
381 2324 492 2355 studia
509 2323 814 2357 MF⁴FOTDLA=
840 2325 950 2356 studie
967 2325 1016 2358 P:
1041 2325 1211 2366 stipendia
1232 2325 1283 2368 Up
1430 2337 1468 2366 13
1496 2326 1524 2357 is
1540 2323 1658 2357 Por:

316 2368 369 2398 his
387 2367 541 2400 MFDL:
571 2369 636 2399 hiis
658 2369 691 2399 A
854 2371 893 2400 16
917 2369 952 2400 in
977 2369 1030 2400 his
1053 2368 1311 2402 MPFOTDL:
1335 2370 1369 2401 in
1391 2370 1458 2401 hiis
1478 2369 1536 2401 A:
1560 2369 1594 2400 in
1617 2368 1659 2400 iis
1678 2385 1684 2387 Δ

316 2411 402 2443 Edd.
426 2423 465 2442 ex
488 2412 534 2443 ed.
561 2412 663 2444 Rom.
692 2414 774 2453 ¹469
888 2413 1162 2452 argentariarum
1190 2413 1362 2446 Muretus:
1389 2413 1658 2454 argentariorum

318 2455 512 2495 MI'FIJpO¹
524 2455 650 2485 TDLA
668 2467 675 2485 t
697 2457 1008 2495 argentm-orimum
1027 2457 1070 2497 (ἓ)
1090 2457 1120 2488 Ο
1684 2459 1686 2461 ’
