1722 2748
459 146 531 182 AB
561 144 718 182 VRBE
743 140 1003 183 CONDITA
1270 142 1328 178 VI
1353 150 1406 187 33
1424 155 1462 178 ῃ

0 267 1 270 ’
66 256 191 302 lanis3
220 255 363 306 excipit
383 253 587 305 aliquanto
607 253 731 293 maior
748 253 801 293 ab
820 252 992 292 exercitu
1014 254 1210 291 Romano.
1259 250 1403 291 Vtrim-

66 333 146 371 que
160 328 345 371 urgentur
354 319 500 358 Latini:
518 333 592 358 nec
605 319 1099 370 impetusTusculanorum
1109 318 1400 356 decurrentium

67 395 115 424 ex
133 385 334 436 superiore
355 386 444 424 loco
465 379 660 424 sustinent
679 398 755 424 nec
777 387 982 424 Romanos
1001 384 1218 423 subeuntes
1245 381 1404 421 moenia

70 450 359 501 molientesque
379 450 516 490 obices
535 458 736 501 portarum
756 463 889 489 arcere
910 457 1087 500 possunt.
1147 447 1270 487 Scalis
1296 447 1405 499 prius
1426 461 1463 483 12

69 515 228 555 moenia
239 524 366 567 capta,
385 515 478 555 inde
491 517 649 555 effracta
661 517 831 555 ‘claustra
845 522 1043 566 portarum
1059 528 1071 563 3
1099 522 1243 553 etcum
1256 527 1407 564 anceps

69 580 193 620 hostis
213 589 252 620 et
271 595 295 620 a
314 583 443 620 fronte
462 588 502 620 et
520 594 545 620 a
563 588 672 632 tergo
693 589 847 632 urgeret
867 595 940 620 nec
960 581 1012 620 ad
1040 593 1214 631 pugnam
1239 579 1320 617 ulla
1341 577 1404 618 uis

68 660 143 686 nec
163 648 214 686 ad
235 648 367 698 sugam
394 645 472 686 loci
498 648 714 698 quicquam
741 654 975 698 superesset,
997 645 1038 684 in
1067 644 1200 685 medio
1223 643 1327 683 caesi
1352 645 1403 684 ad

67 726 191 751 unum
223 726 373 751 omnes.
435 711 672 763 Reciperato
700 712 752 752 ab
786 712 967 752 hostibus
999 712 1177 751 Tusculo
1213 709 1404 750 exercitus

69 780 240 818 Romam
261 786 319 818 est
340 780 537 818 reductus.

121 846 285 894 Quanto
315 844 438 896 magis
465 844 661 896 prosperis
688 858 738 884 eo
761 858 869 884 anno
891 843 1008 895 bellis
1034 842 1245 894 tranquilla
1269 841 1407 882 omnia*
1423 848 1476 885 34

0 913 3 934 ἵ
66 909 160 949 foris
190 917 309 959 erant,
347 918 459 950 tanto
485 909 527 949 in
556 911 654 950 urbe
683 910 743 950 uis
772 918 928 964 patrum
958 909 998 949 in
1028 910 1113 949 dies
1143 908 1403 959 miseriaeque

65 975 192 1026 plebis
227 976 469 1025 crescebant,
504 990 596 1015 cum
631 990 679 1015 eo
711 977 808 1027 ipso,
840 977 951 1027 quod
981 988 1145 1015 necesse
1175 981 1257 1014 erat
1287 973 1399 1021 solui,

66 1042 230 1080 facultas
252 1041 436 1080 soluendi
454 1040 720 1092 impediretur.
780 1043 924 1093 Itaque
943 1054 1035 1080 cum
1061 1040 1138 1080 iam
1163 1053 1209 1080 ex
1236 1054 1277 1078 re
1306 1038 1402 1078 nihil
1424 1056 1438 1077 2

0 1116 3 1124 ²
66 1107 150 1146 dari
170 1114 315 1158 posset,
337 1108 444 1146 fama
461 1114 502 1147 et
521 1120 685 1157 corpore
704 1106 867 1146 iudicati
886 1114 1006 1157 atque
1032 1104 1182 1146 addicti
1207 1104 1403 1144 creditori-

68 1172 142 1211 bus
163 1171 458 1211 satisfaciebant
476 1186 687 1224 poenaque
702 1172 744 1212 in
769 1173 898 1211 uicem
926 1170 1021 1211 fidei
1046 1178 1227 1211 cesserat.
1287 1171 1403 1214 Adeo
1423 1183 1441 1213 3

0 1251 3 1277 ;
66 1251 160 1289 ergo
191 1237 386 1278 obnoxios
418 1237 696 1277 summiserant
723 1237 878 1276 animos
908 1250 989 1276 non
1020 1236 1145 1275 infimi
1174 1237 1302 1276 solum
1333 1235 1403 1275 sed

68 1302 268 1355 principes
286 1302 406 1342 etiam
426 1303 565 1354 plebis,
588 1311 631 1342 ut
651 1317 732 1342 non
754 1304 878 1342 modo
896 1304 948 1342 ad
968 1302 1213 1342 tribunatum
1234 1301 1402 1340 militum
1445 1334 1447 1336 .

67 1367 169 1408 inter
183 1368 371 1419 patricios
384 1370 614 1420 petendum,
634 1370 742 1420 quod
756 1376 865 1408 tanta
877 1368 917 1407 ui
934 1375 978 1407 ut
993 1367 1126 1407 liceret
1142 1369 1401 1416 tetenderant,
1421 1378 1442 1409 4

0 1435 11 1482 ᾖ
68 1433 139 1473 sed
159 1447 211 1473 ne
233 1434 285 1473 ad
308 1433 488 1486 plebeios
515 1434 678 1485 quidem
707 1435 955 1486 magistratus
978 1435 1244 1484 capessendos
1271 1440 1404 1484 peten-

68 1500 222 1551 dosque
249 1499 317 1539 ulli
339 1499 426 1539 uiro
443 1499 523 1539 acri
551 1500 846 1551 experientique
870 1500 1027 1539 animus
1057 1506 1173 1547 esset,
1192 1498 1405 1550 possessio-

0 1562 18 1571 “
69 1577 241 1616 nemque
269 1565 431 1605 honoris
460 1565 635 1617 usurpati
663 1567 787 1605 modo
819 1579 843 1605 a
873 1565 991 1616 plebe
1015 1579 1083 1616 per
1106 1577 1254 1616 paucos
1277 1577 1404 1603 annos

68 1629 307 1682 reciperasse
325 1630 366 1671 in
386 1640 620 1683 perpetuum
643 1639 770 1683 patres
792 1631 1031 1670 uiderentur.

15 1746 18 1747 ⁷
122 1697 161 1735 N
164 1709 187 1735 e
206 1695 248 1736 id
267 1695 386 1735 nimis
404 1698 550 1736 laetum
572 1696 670 1747 parti
690 1696 800 1736 alteri
822 1705 935 1744 esset,
959 1710 1089 1748 parua,
1108 1704 1151 1735 ut
1170 1697 1402 1747 plerumque
1423 1708 1440 1741 5

13 1758 15 1762 ’
69 1761 179 1809 solet,
208 1763 294 1800 'rem
322 1760 522 1812 ingentem
555 1761 752 1801 moliundi
782 1775 901 1801 causa
927 1761 1150 1801 interuenit.
1211 1763 1269 1800 M.
1306 1761 1401 1801 Fabi

10 1817 19 1839 s*
70 1824 266 1874 Ambusti,
290 1827 463 1876 potentis
483 1825 555 1864 uiri
575 1840 665 1865 cum
696 1826 796 1866 inter
823 1827 879 1866 sui
907 1826 1082 1878 corporis
1108 1826 1290 1866 homines
1318 1834 1400 1866 tum

18 1885 21 1934 s
69 1890 188 1930 etiam
211 1892 264 1930 ad
293 1892 463 1943 plebem,
489 1893 600 1942 quod
626 1893 935 1943 haudquaquam
966 1892 1066 1932 inter
1095 1892 1136 1932 id
1163 1906 1287 1944 genus
1312 1907 1402 1931 con-

117 2004 129 2025 1
140 2005 151 2026 x
179 1995 305 2035 excipit
322 1995 527 2036 Alschefski:
553 1997 722 2037 excipitur
738 1997 1028 2039 MPFUpBOEH
1037 1996 1161 2027 TDLA
1298 1998 1402 2029 maior

71 2037 491 2079 MPFUpBOEHTDLA
506 2051 514 2070 z
536 2041 662 2072 maiore
674 2043 762 2081 (cum
775 2042 957 2083 excipitur)
970 2041 1017 2073 ed.
1031 2041 1125 2073 Frob.
1146 2051 1242 2081 1531;
1258 2041 1296 2081 cf.
1311 2040 1400 2073 Caes.

69 2081 112 2114 B.
123 2081 162 2113 G.
174 2093 201 2121 7.
210 2083 263 2114 88.
274 2093 293 2113 2
310 2083 501 2124 ubiexcipit
512 2084 596 2116 dant
607 2084 675 2116 cdd.
690 2086 823 2127 optt'm1';
844 2088 902 2126 (an
915 2086 1083 2126 excipitur
1097 2085 1203 2116 maior
1219 2085 1269 2117 i.e.
1283 2096 1312 2125 q.
1327 2086 1400 2116 red-

15 2143 18 2156 :
71 2125 162 2157 ditur
178 2126 295 2157 maiori
313 2127 345 2157 ui
358 2128 394 2166 ?;
418 2127 456 2167 cs.
467 2138 538 2169 ag.
552 2139 582 2168 4.
597 2139 650 2168 37.
666 2138 705 2160 10
720 2129 864 2161 ferocior
877 2130 1001 2160 inlatus
1015 2129 1139 2169 hostis)
1286 2138 1325 2159 12
1349 2140 1400 2160 re-

70 2167 224 2209 ciperato
240 2169 308 2203 uid.
329 2179 354 2202 1.
377 2181 424 2202 12.
447 2180 461 2201 1
481 2172 557 2203 adn.
577 2183 584 2202 :
608 2178 806 2212 recuperato
825 2172 1158 2204 MPFBEHTDLA
1177 2183 1184 2204 :
1208 2172 1267 2213 def
1285 2172 1316 2203 O

13 2220 15 2225 '
115 2218 165 2252 34
192 2223 205 2243 1
232 2217 325 2245 tanto
349 2213 761 2256 MPFUpBEHTDLA:
784 2217 843 2256 dcfi
867 2216 918 2247 0:
953 2220 1081 2247 tantum
1103 2216 1217 2248 Madv.
1242 2216 1343 2247 citans
1368 2225 1399 2255 5.

11 2254 20 2274 ’-
75 2265 123 2286 10.
150 2265 181 2294 5,
189 2257 272 2296 fort.
292 2256 387 2288 recte':
407 2262 468 2298 pro
490 2258 553 2290 abl.
576 2259 616 2298 cf.
640 2264 734 2290 tanto
756 2259 815 2291 ille
838 2260 1032 2300 superiores
1056 2260 1195 2299 uicerat,
1219 2263 1349 2299 quanto
1365 2264 1399 2290 tu

73 2299 228 2331 omnibus
249 2300 461 2339 praestitisti,
486 2301 549 2333 Cic.
575 2302 679 2334 Deiot.
707 2313 749 2342 43
773 2307 872 2334 tanto
893 2303 1105 2342 praestitisse
1127 2309 1259 2334 ceteros
1275 2307 1407 2342 quantos

17 2343 19 2346 ⁴
73 2341 214 2383 populus
232 2342 276 2375 R.
289 2344 513 2375 antecedebat
529 2350 668 2377 cunctas
684 2346 849 2381 nationes.
866 2345 945 2385 Nep.
958 2346 1077 2378 Hann.
1096 2357 1110 2377 1
1228 2358 1246 2386 4
1273 2346 1401 2386 recipc-

16 2378 34 2425 {fi
74 2395 166 2417 rasse
182 2387 220 2432 §s-
238 2397 260 2417 c.
276 2396 327 2426 33.
351 2398 387 2417 12
401 2387 480 2420 adn,
499 2399 510 2430 ξ
543 2398 765 2428 recuperasse
783 2389 1116 2420 MPFBEIITDLA
1135 2401 1142 2419 :
1167 2390 1226 2429 defi
1250 2390 1280 2419 O
