1722 2748
244 127 350 165 VIII
374 136 398 175 5
420 135 437 165 S
868 130 987 167 T1T1
1022 130 1138 168 LIVI

329 248 510 280 senatum
533 241 572 280 in
593 247 673 289 tuo,
698 239 887 291 Iuppiter,
905 248 1096 291 augurato
1116 242 1267 292 templo
1287 249 1426 293 captus
1445 250 1565 294 atque
1585 243 1669 294 ipse

288 321 307 353 9
329 320 540 358 oppressus
568 306 722 345 uisurus
752 308 826 346 es?
885 305 1068 346 Haecine
1097 307 1258 346 foedera
1286 309 1437 356 Tullus,
1461 310 1669 348 Romanus

329 386 406 420 rex,
438 386 530 412 cum
569 372 748 420 Albanis,
780 371 958 423 patribus
996 371 1148 421 uestris,
1186 372 1328 421 Latini,
1366 374 1465 412 haec
1499 375 1543 414 L.
1577 376 1670 413 Tar-

269 449 308 472 10
329 438 488 490 quinius
521 437 731 477 uobiscum
770 445 910 489 postea
949 437 1071 477 fecit?
1139 439 1234 477 Non
1268 438 1378 478 uenit
1413 440 1453 477 in
1492 447 1668 479 mentem

329 517 462 555 pugna
490 504 598 555 apud
629 503 831 554 Regillum
860 505 991 542 lacum
1008 505 1026 542 ?
1082 504 1199 543 Adeo
1228 510 1267 543 et
1296 504 1470 544 cladium
1489 512 1668 545 ueterum

331 577 549 610 uestrarum
598 576 636 608 et
682 568 969 609 beneficiorum
1023 577 1251 609 nostrorum
1297 583 1388 620 erga
1434 583 1508 610 uos
1554 569 1669 610 obliti

330 635 423 675 estis
440 637 457 674 ?
474 637 480 653 '

279 707 308 745 6
346 742 350 745 ,
385 702 488 743 Cum
517 702 692 741 consulis
713 714 856 741 uocem
883 701 1098 741 subsecuta
1125 709 1282 752 patrum
1311 701 1533 754 indignatio
1551 710 1666 750 esset,

330 768 509 820 proditur
529 768 745 808 memoriae
764 769 955 808 aduersus
979 768 1158 807 crebram
1188 767 1508 819 implorationem
1533 770 1668 817 deum,

330 848 432 885 quos
456 842 576 874 testes
603 835 810 874 foederum
845 832 1003 884 saepius
1036 833 1281 881 inuocabant
1309 835 1505 882 consules,
1526 847 1668 874 uocem

291 912 306 934 2
331 901 438 938 Anni
469 899 692 951 spernentis
726 899 892 940 numina
924 899 1033 939 Iouis
1074 899 1247 939 Romani
1280 901 1470 939 auditam.
1539 900 1667 949 Certe,

330 979 424 1005 cum
443 973 669 1006 commotus
690 965 746 1004 ira
766 979 808 1004 se
827 978 851 1004 a
865 964 1072 1015 *uestibulo
1091 964 1230 1016 templi
1251 965 1371 1004 citato
1399 965 1522 1016 gradu
1552 964 1671 1017 prori-
1721 964 1722 1002 l

331 1041 450 1083 peret,
469 1033 602 1083 lapsus
619 1045 690 1083 per
705 1033 851 1083 gradus
870 1031 999 1083 capite
1019 1029 1189 1081 grauiter
1204 1032 1357 1074 offenso
1371 1030 1567 1082 impactus
1587 1030 1670 1070 imo

291 1110 309 1141 3
331 1096 385 1136 ita
413 1105 472 1136 est
501 1110 598 1148 saxo·
626 1105 669 1136 ut
701 1097 905 1147 sopiretur.
965 1095 1245 1135 Exanimatum
1274 1103 1455 1136 auctores
1479 1097 1670 1148 quoniam

330 1176 414 1201 non
433 1176 573 1216 omnes
595 1170 697 1211 sunt,
721 1162 818 1201 mihi
840 1175 1002 1214 quoque
1032 1161 1072 1200 in
1102 1161 1254 1202 incerto
1283 1161 1462 1201 relictum
1487 1161 1547 1211 sit,
1569 1161 1671 1202 sicut

331 1227 433 1268 inter
461 1230 900 1280 foederum-ruptorum
932 1227 1186 1267 testationem
1213 1227 1363 1279 ingenti
1392 1228 1543 1279 fragore
1571 1227 1670 1268 caeli

331 1297 547 1347 procellam
568 1297 732 1334 effusam
747 1308 758 1343 3
787 1307 881 1333 nam
908 1301 948 1334 et
967 1307 1060 1334 uera
1081 1307 1168 1334 esse
1187 1302 1227 1333 et
1245 1301 1338 1346 apte
1366 1295 1419 1334 ad
1448 1307 1671 1346 repraesen-

290 1376 309 1402 4
330 1361 494 1400 tandam
534 1359 631 1399 iram
665 1361 786 1400 deum
822 1361 914 1398 ficta
945 1366 1122 1411 possunt.
1181 1360 1407 1410 Torquatus
1447 1359 1590 1400 missus
1617 1360 1670 1400 ab

331 1435 470 1466 senatu
490 1428 542 1466 ad
562 1425 824 1466 dimittendos
845 1427 1005 1476 legatos,
1025 1439 1116 1464 cum
1138 1427 1332 1465 iacentem
1354 1425 1532 1465 Annium
1553 1425 1672 1466 uidis-

331 1500 400 1542 set,
423 1494 628 1541 exclamat,
652 1492 705 1531 ita
734 1499 777 1531 ut
807 1493 957 1543 populo
986 1491 1244 1543 patribusque
1271 1492 1407 1532 audita
1429 1505 1508 1531 uox
1528 1491 1671 1544 pariter

292 1573 310 1604 5
331 1558 406 1599 sit:
440 1558 567 1597 ‘bene
597 1558 746 1606 habet3
776 1557 817 1597 di
847 1557 958 1609 pium
988 1571 1150 1597 mouere
1180 1558 1340 1597 bellum.
1401 1559 1472 1597 Est
1501 1559 1671 1598 caeleste

332 1637 480 1662 numen
498 1638 509 1673 ;
538 1637 594 1672 es,
616 1637 758 1674 magne
780 1623 959 1674 Iuppiter
972 1637 982 1671 ;
1012 1624 1118 1662 haud
1140 1625 1280 1662 frustra
1305 1631 1346 1663 te
1370 1631 1521 1675 patrem
1548 1624 1669 1663 deum

289 1695 309 1727 6
331 1691 540 1728 hominum
580 1690 654 1728 hac
693 1690 788 1728 sede
822 1688 1074 1728 sacrauimus.
1148 1689 1259 1739 Quid
1290 1689 1464 1738 cessatis,
1496 1689 1671 1739 Quirites

331 1769 484 1806 uosque
519 1764 648 1806 patres
680 1754 904 1806 conscripti,
927 1768 1036 1804 arma
1070 1768 1211 1806 capere
1235 1754 1320 1794 deis
1350 1754 1550 1794 ducibus?
1607 1754 1671 1793 Sic

331 1829 470 1862 stratas
504 1821 680 1872 legiones
717 1820 948 1860 Latinorum
983 1821 1100 1868 dabo,
1124 1821 1466 1871 quemadmodum
1498 1821 1670 1871 legatum

292 1899 307 1929 7
331 1887 526 1927 iacentem
567 1886 736 1926 uidetis.’
805 1887 990 1925 Adsensu
1023 1885 1161 1936 populi
1193 1893 1357 1941 excepta
1389 1899 1466 1925 uox
1495 1886 1671 1925 consulis

325 1961 485 1992 tantum
524 1952 674 1992 ardoris
713 1951 856 1992 animis
886 1951 978 1991 fecit
1002 1959 1044 1990 ut
1072 1953 1221 2002 legatos
1250 1951 1545 2003 proficiscentes
1577 1965 1671 1991 cura

333 2020 630 2070 magistratuum
672 2017 805 2069 magis,
848 2018 915 2068 qui
955 2016 1062 2055 iussu
1102 2016 1277 2055 consulis
1317 2017 1667 2068 prosequebantur,

364 2124 397 2158 ,8
420 2127 521 2162 atque
545 2122 618 2162 ipse
643 2122 968 2164 MPFUpO³(atque
995 2121 1237 2161 0)HTDLA:
1265 2123 1338 2163 ipse
1363 2128 1465 2164 atque
1489 2123 1674 2164 Alschefski

333 2177 428 2207 quem
445 2178 508 2207 seq.
524 2166 611 2198 Edd.
632 2177 699 2202 rec„
713 2167 772 2198 sed
780 2167 936 2198 sententia
949 2165 1153 2197 m‘deturesse
1173 2169 1181 2185 ⁶
1196 2167 1352 2207 luppiter
1363 2168 1427 2198 erit
1439 2172 1560 2207 captus
1568 2172 1670 2207 atque

334 2211 442 2241 instar
460 2211 689 2242 Romanorum
708 2211 781 2251 ipse
799 2221 984 2251 oppressus
997 2209 1005 2223 '
1140 2219 1179 2242 10
1203 2221 1316 2251 pugna
1333 2209 1670 2252 PFUpOHTDLA:

335 2264 483 2294 pugnam
504 2254 562 2286 M:
589 2265 722 2294 pugnae
741 2254 841 2286 Gron.

379 2296 405 2329 6
434 2308 445 2328 1
472 2298 563 2329 Anni
582 2297 884 2330 MPFOHTDLA
902 2310 910 2331 t
934 2298 1027 2329 annii
1043 2297 1094 2329 M¹
1115 2298 1169 2329 uel
1181 2298 1286 2329 M2A²
1439 2309 1459 2340 5
1483 2303 1536 2331 est
1552 2297 1672 2341 PUpO

335 2340 506 2372 HTDLA
528 2341 648 2381 (sedin
667 2341 700 2372 P
719 2342 845 2383 stjglum
866 2349 914 2384 ÷,
935 2343 970 2374 in
988 2341 1020 2372 O
1035 2346 1070 2378 ὅ)
1087 2354 1094 2374 :
1118 2353 1185 2374 om.
1205 2342 1282 2373 FA1
1301 2343 1354 2374 uel
1367 2342 1438 2375 A2:
1462 2354 1500 2374 es
1516 2342 1593 2374 M²:
1617 2346 1670 2374 est

335 2396 380 2416 an
398 2395 456 2416 eso
475 2387 531 2424 (sc.
546 2390 607 2424 pro
625 2396 672 2418 es.
689 2386 724 2419 οδ
739 2385 799 2417 M?
974 2385 1148 2418 hominum
1171 2385 1381 2418 MHTDLA
1399 2398 1406 2419 :
1430 2387 1670 2427 hominumque

336 2428 398 2460 M2
412 2428 465 2460 uel
479 2427 790 2469 M1PFUp072A2
