1722 2748
760 168 1086 208 PRAEFATIO

249 281 385 318 audita
406 283 570 331 perinde
598 279 646 334 (c.
683 295 741 330 14.
775 280 815 334 2)
837 294 963 332 usque
992 282 1044 320 ad
1065 282 1222 332 plt'slica
1242 289 1321 334 per
1338 280 1388 334 (c.
1414 296 1475 321 22.
1503 283 1594 333 11);

248 344 304 383 sic
333 346 461 385 scriba
485 346 650 386 aduenit
677 348 729 387 ad
750 355 930 398 quatern.
953 361 1037 394 xxv,
1061 361 1098 398 p.
1121 350 1156 395 6,
1179 348 1254 387 col.
1280 362 1299 386 2
1331 346 1401 387 ubi
1429 348 1593 387 demum

248 424 390 450 uocem
412 412 529 451 amici
545 412 803 463 interruptam
825 413 1002 463 complet
1023 413 1118 452 tiam
1131 414 1346 464 petentibus
1365 411 1411 464 (c.
1438 426 1501 461 40.
1526 412 1594 466 20)

247 475 472 516 scribendo.

304 543 391 580 Has
426 542 665 582 mutationes
700 544 825 582 lector
860 541 1086 593 nescioquis
1126 542 1272 583 saeculi
1311 543 1412 582 tertii
1447 541 1592 583 decimi

249 606 414 647 notauit.
474 607 515 648 Si
535 608 805 648 coniecturam
827 608 920 648 licet
941 610 1081 655 facere,
1103 608 1283 649 diuinare
1307 609 1526 649 audeamus
1552 607 1592 649 in

249 673 371 713 Libro
391 674 427 711 V
432 674 475 712 II
504 687 627 713 unum
656 675 959 725 quaternionem
987 673 1210 714 uncialibus
1237 674 1375 714 litteris
1402 672 1592 726 scriptum

250 741 330 779 fere
359 739 584 779 octodecim
616 739 724 779 milia
753 740 971 780 litterarum
1001 741 1275 780 continentem
1306 748 1396 792 post
1424 742 1592 780 alterum

248 806 551 855 quaternionem
566 807 848 857 transpositum
863 820 963 854 esse,
985 805 1008 845 i.
1025 820 1056 845 e.
1076 807 1154 854 hoc
1167 807 1307 846 ordine
1318 820 1350 857 y
1368 821 1398 845 x
1418 820 1488 858 pro
1504 821 1535 846 x
1536 820 1569 857 y
1585 822 1593 847 :

250 870 289 909 in
323 870 443 910 Libro
475 872 534 910 IX
565 871 768 920 similiter3
802 873 873 911 sed
903 871 968 910 hic
999 879 1173 911 mutatos
1203 879 1280 911 tres
1310 872 1592 923 quaterniones

250 937 326 975 hoc
357 936 518 976 ordine:
553 950 586 986 y
617 950 640 975 z
668 950 698 975 x
724 951 795 989 pro
828 951 859 976 x
879 950 911 987 y
944 950 964 975 z
980 951 990 986 3
1033 945 1072 976 et
1102 936 1228 977 uideri
1257 951 1592 990 unumquemque

250 1002 552 1053 quaternionem
583 1002 829 1043 continuisse
856 1004 989 1055 >plures
1019 1002 1167 1042 litteras
1197 1002 1238 1042 in
1268 1004 1345 1043 hoc
1375 1003 1592 1055 posteriore

248 1071 349 1111 libro
369 1084 489 1122 quam
511 1070 549 1109 in
571 1070 710 1122 priore.

302 1137 405 1186 §42.
435 1138 500 1175 De
537 1137 718 1175 codicibus
760 1137 903 1177 Gelani.
965 1138 1014 1176 In
1053 1137 1229 1188 paranda
1262 1135 1438 1177 editione
1471 1137 1592 1177 altera

250 1201 500 1242 Frobeniana
543 1200 686 1254 (1535)
731 1203 952 1242 Rhenanus
1001 1202 1143 1242 Libros
1188 1204 1298 1242 I—VI
1346 1202 1589 1255 recognoust,

248 1268 438 1309 Gelenius
458 1270 495 1306 V
500 1268 617 1307 II—X
634 1283 646 1318 3
676 1270 715 1307 in
739 1268 867 1308 Libris
890 1270 978 1308 I-V
998 1269 1229 1320 saepissime
1248 1269 1342 1309 citat
1371 1270 1591 1309 Rhenanus

248 1336 311 1374 uel
341 1334 498 1374 uidetur
526 1335 648 1374 citare
676 1334 859 1374 codicem
889 1334 1211 1375 Vormatiensem
1239 1337 1304 1374 uel
1334 1335 1592 1375 Borbetoma-

246 1414 410 1451 gensem
425 1399 523 1451 (uid.
546 1401 666 1451 praef.
681 1408 868 1449 nostram,
887 1401 907 1452 ξ
927 1401 1003 1454 12).
1044 1403 1124 1441 Ter
1143 1400 1185 1440 in
1201 1401 1289 1441 libri
1310 1402 1409 1441 sexti
1427 1403 1592 1441 adnota-

247 1466 423 1506 tionibus
443 1465 523 1504 suis
543 1467 702 1505 alterius
723 1466 874 1506 codicis
893 1466 1183 1507 Vormatiensis
1207 1466 1455 1507 mentionem
1475 1466 1590 1506 facit:

247 1531 419 1582 primum
449 1533 488 1570 in
519 1534 553 1571 6.
592 1547 623 1572 1.
648 1546 668 1571 2
702 1531 831 1571 ‘illam
860 1532 1098 1573 lectionem'
1125 1533 1255 1585 inquit
1285 1532 1350 1573 ‘in
1377 1534 1503 1574 altero
1529 1547 1592 1574 ex-

247 1597 421 1648 emplari,
444 1598 554 1648 quod
574 1597 692 1637 nobis
711 1611 759 1637 ex
778 1598 1020 1638 Vuormacia
1036 1598 1348 1639 communicauit
1369 1601 1449 1639 Dn.
1472 1598 1592 1639 Rein-

249 1664 394 1703 hardus
428 1663 451 1702 a
487 1663 665 1715 Rietpur,
698 1663 872 1715 primarii
899 1664 1039 1716 templi
1070 1666 1270 1713 Decanus‚
1302 1696 1311 1706 .
1344 1695 1354 1706 .
1384 1695 1393 1705 .
1424 1664 1588 1716 quidam

247 1729 551 1781 dispunxerat'3
582 1743 676 1769 mox
702 1728 743 1768 in
772 1732 810 1768 6.
840 1744 872 1768 1.
906 1745 948 1769 11
983 1729 1045 1768 ‘in
1070 1732 1196 1770 altero
1224 1728 1439 1782 exemplari
1469 1743 1590 1770 manu

247 1794 393 1846 scripto
407 1795 440 1844 '3
467 1794 617 1835 deinde
636 1793 679 1834 in
698 1797 733 1833 6.
754 1807 787 1847 5.
803 1797 827 1834 8
849 1796 914 1834 ‘in
931 1797 1057 1835 altero
1073 1796 1261 1846 codice'3
1287 1803 1328 1836 et
1346 1795 1387 1835 in
1405 1798 1440 1835 6.
1460 1810 1521 1835 20.
1543 1810 1588 1835 12

247 1859 450 1911 utriusque
478 1859 630 1900 codicis
658 1859 906 1901 mentionem
934 1862 1027 1900 facit
1058 1863 1132 1901 ‘ex
1159 1861 1434 1902 uoluminibus
1467 1875 1590 1901 manu

247 1925 400 1977 scriptis
425 1926 628 1978 antiquius
654 1927 776 1967 habet
800 1934 839 1966 et
864 1927 1116 1967 emendatius
1129 1928 1149 1976 '‚
1177 1927 1319 1968 iterum
1346 1926 1387 1967 in
1413 1941 1446 1967 c.
1475 1942 1535 1967 22.
1567 1939 1588 1978 7

250 1990 312 2029 ‘in
332 1991 504 2042 antiquis
530 1990 638 2031 libris
651 1992 673 2031 '.
722 1993 899 2042 Quando
925 2000 1062 2033 tamen
1088 1994 1196 2032 hunc
1216 1995 1382 2033 alterum
1404 1993 1587 2033 codicem

246 2056 441 2107 acceperit
460 2070 543 2096 non
571 2056 666 2097 dicit
679 2072 692 2107 5
720 2057 904 2098 conicere
930 2058 1022 2098 licet
1049 2060 1292 2098 Rhenanum
1316 2073 1366 2098 eo
1386 2059 1473 2110 ipso
1493 2067 1590 2099 tem-

246 2134 340 2171 pore
361 2121 561 2172 accepisse
578 2136 658 2173 quo
679 2121 824 2162 librum
843 2131 998 2162 sextum
1020 2123 1245 2175 castigabat.

301 2188 433 2226 Nemo
466 2195 526 2226 est
559 2187 681 2227 hodie
713 2187 811 2239 quin
849 2202 976 2239 aeque
1015 2187 1248 2229 intellexerit
1281 2204 1328 2229 ac
1369 2191 1588 2230 Rhenanus

246 2251 330 2301 ipse
351 2259 540 2302 quantam
557 2252 833 2292 auctoritatem
855 2261 893 2292 et
920 2268 968 2293 ex
987 2262 1185 2295 uetustate
1211 2263 1250 2295 et
1277 2269 1324 2294 ex
1351 2255 1496 2296 uirtute
1517 2271 1588 2296 sua

247 2316 427 2355 habuerit
446 2317 734 2356 Vormatiensis
755 2326 795 2357 et
815 2320 980 2359 sortasse
1000 2319 1065 2359 ille
1085 2322 1183 2363 alter
1203 2322 1342 2361 codex.
1401 2322 1587 2373 Aequali-

246 2382 318 2420 bus
348 2381 588 2432 quibusdam
618 2390 658 2422 et
686 2383 852 2423 aemulis
882 2384 1096 2425 deteriores
1125 2400 1219 2425 suos
1251 2387 1449 2426 obstinate
1481 2401 1587 2427 com-

243 2447 508 2498 plectentibus
537 2449 729 2487 exclamat
757 2450 1001 2491 Rhenanus:
1034 2451 1331 2502 ‘peruicacibus
1359 2452 1457 2491 nihil
1478 2453 1586 2493 satis-

890 2529 940 2554 xn
