1722 2748
239 158 300 196 IX
320 166 373 204 43
396 172 412 203 ,ε
849 155 969 194 TITI
1003 155 1122 194 L1v1

282 274 300 305 6
320 273 476 306 uetusta
505 267 632 318 gentis
659 265 780 316 gloria
808 264 904 305 suit:
935 264 1034 304 nihil
1055 277 1224 317 usquam
1245 264 1354 305 dictu
1375 265 1540 316 dignum
1561 264 1658 312 ausi,

320 331 430 371 trinis
445 331 582 371 castris
603 331 702 371 intra
722 344 872 383 paucos
892 330 978 371 dies
999 330 1117 379 exuti,
1135 329 1293 382 triginta
1313 330 1466 371 dierum
1487 330 1661 371 indutias

321 397 374 436 ita
412 404 456 436 ut
492 398 544 437 ad
583 405 763 437 senatum
799 398 972 436 Romam
1012 398 1163 447 legatos
1196 395 1397 436 mitterent
1431 395 1536 448 pacti
1569 402 1661 436 sunt

322 462 499 503 bimestri
515 463 715 514 stipendio
731 464 1013 514 frumentoque
1028 469 1067 502 et
1083 461 1246 514 singulis
1261 462 1300 501 in
1317 461 1482 502 militem
1503 461 1658 502 tunicis.

285 528 388 577 7Ab
418 536 557 568 senatu
585 529 637 568 ad
669 527 866 568 Marcium
896 527 1042 576 reiecti,
1075 528 1138 567 cui
1173 535 1333 568 senatus
1367 529 1551 568 consulto
1579 541 1662 580 per-

322 592 487 633 missum
508 594 559 633 de
581 593 768 634 Hernicis
789 601 896 643 erat3
924 593 1038 645 isque
1058 607 1146 633 eam
1173 601 1332 646 gentem
1354 593 1395 633 in
1414 592 1660 634 deditionem

320 658 486 711 accepit.
1410 660 1413 663 “

378 726 429 765 Et
458 724 499 765 in
529 725 819 773 Samnio-alter
847 726 988 765 consul
1017 725 1195 777 superior
1223 725 1385 774 uiribus,
1409 725 1508 766 locis
1539 725 1661 779 impe-

284 799 303 830 8
322 791 442 831 ditior
471 799 564 831 erat.
624 791 773 832 Omnia
805 791 946 832 itinera
977 792 1260 844 obsaepserant
1294 794 1429 832 hostes
1461 793 1663 844 saltusque

323 857 480 910 peruios
501 861 688 909 ceperant
708 872 759 898 ne
773 871 852 909 qua
866 858 1038 898 subuehi
1054 866 1301 899 commeatus
1318 866 1505 910 possent3
1531 871 1663 910 neque

285 941 304 974 9
324 936 404 972 eos,
427 937 518 962 cum
539 923 703 963 cottidie
728 923 840 975 signa
859 925 901 963 in
920 924 1048 964 aciem
1069 926 1210 964 consul
1230 925 1430 976 proferret,
1451 924 1593 975 elicere
1611 925 1661 965 ad

322 997 524 1030 certamen
545 997 709 1042 poterat,
725 989 900 1042 satisque
921 989 1138 1042 apparebat
1155 1003 1286 1041 neque
1306 989 1524 1031 Samnitem
1545 997 1665 1031 certa-

324 1069 418 1096 men
455 1069 642 1107 praesens
680 1068 756 1096 nec
795 1057 1025 1096 Romanum
1065 1055 1298 1096 dilationem
1343 1055 1436 1096 belli
1480 1057 1661 1097 laturum.

267 1144 306 1167 10
326 1123 537 1162 Aduentus
568 1121 706 1171 Marci,
729 1123 798 1173 qui
830 1121 1016 1162 Hernicis
1047 1121 1222 1161 subactis
1252 1121 1464 1162 maturauit
1491 1123 1665 1174 collegae

267 1203 301 1226 11
325 1187 461 1228 uenire
490 1186 647 1236 auxilio,
683 1201 835 1227 moram
871 1187 1098 1228 certaminis
1133 1187 1238 1227 hosti
1272 1186 1428 1227 exemit.
1487 1187 1593 1227 Nam
1622 1194 1665 1228 ut

324 1254 393 1306 qui
419 1267 470 1294 ne
499 1252 611 1293 alteri
631 1252 796 1305 quidem
820 1253 1008 1293 exercitui
1035 1267 1077 1294 se
1102 1254 1155 1293 ad
1182 1261 1383 1293 certarnen
1406 1253 1667 1294 credidissent

325 1333 449 1373 pares,
472 1318 660 1371 coniungi
680 1319 819 1371 utique
838 1319 943 1371 passi
963 1321 1066 1360 duos
1093 1321 1322 1360 consulares
1350 1318 1542 1359 exercitus
1569 1319 1667 1359 nihil

325 1388 532 1428 crederent
555 1399 762 1438 superesse
788 1386 884 1438 spei,
904 1386 1188 1426 aduenientem
1214 1385 1482 1437 incomposito
1509 1385 1668 1437 agmine

269 1465 303 1488 ¹²
326 1453 523 1494 Marcium
539 1453 835 1504 adgrediuntur.
870 1452 1033 1504 Raptim
1047 1454 1231 1493 conlatae
1243 1451 1420 1492 sarcinae
1433 1451 1474 1490 in
1490 1450 1667 1491 medium

326 1527 376 1568 et,
394 1526 510 1572 prout
527 1526 683 1571 tempus
700 1518 934 1570 patiebatur,
949 1518 1142 1559 instructa
1156 1518 1274 1558 acies.
1320 1519 1483 1559 Clamor
1498 1516 1667 1569 primum
1707 1512 1719 1545 ²

327 1586 368 1625 in
388 1585 531 1626 statiua
551 1586 735 1637 perlatus,
758 1585 852 1625 dein
878 1593 1117 1636 conspectus
1142 1586 1280 1637 procul
1302 1583 1432 1637 puluis
1451 1585 1667 1624 tumultum
1703 1579 1709 1626 ¹,

270 1670 307 1701 13
327 1652 435 1703 apud
466 1652 632 1691 alterum
671 1652 877 1690 consulem
912 1650 954 1690 in
987 1650 1123 1691 castris
1157 1651 1276 1701 fecit3
1314 1650 1429 1703 isque
1457 1650 1667 1690 confestim

327 1731 437 1758 arma
469 1730 610 1769 capere
643 1716 759 1756 iussis
793 1716 1017 1769 raptimque
1028 1728 1033 1741 ‘¹
1051 1717 1205 1758 eductis
1239 1717 1282 1757 in
1314 1718 1440 1759 aciem
1480 1716 1670 1757 militibus
1695 1740 1700 1764 ;

329 1792 593 1824 transuersam
613 1782 789 1822 hostium
809 1783 938 1823 aciem
958 1791 1080 1836 atque
1099 1784 1178 1825 alio
1198 1785 1414 1826 certamine
1434 1791 1670 1837 occupatam

272 1864 308 1896 ¹4
329 1849 493 1899 inuadit,
516 1844 725 1888 clamitans
755 1863 958 1889 summum
988 1850 1180 1902 flagitium
1207 1853 1302 1900 fore,
1324 1853 1356 1891 si
1379 1853 1547 1892 alterum
1567 1862 1671 1890 exer-

329 1915 452 1955 citum
474 1915 678 1967 utriusque
699 1914 889 1955 uictoriae
909 1924 1140 1969 compotem
1165 1916 1339 1958 sinerent
1358 1917 1442 1958 fieri
1462 1931 1536 1958 nec
1556 1917 1609 1958 ad
1629 1928 1672 1956 se

274 1998 309 2030 15
330 1983 390 2021 sui
425 1981 518 2020 belli
550 1980 799 2022 uindicarent
832 1984 967 2023 decus.
1027 1984 1120 2035 Qua
1149 1982 1344 2035 impetum
1379 1984 1553 2032 dederat,
1589 1996 1673 2035 per-

331 2048 479 2099 rumpit
505 2047 715 2099 aciemque
741 2062 812 2101 per
838 2048 1012 2089 mediam
1043 2049 1085 2089 in
1114 2057 1241 2089 castra
1270 2049 1446 2090 hostium
1475 2049 1604 2090 tendit
1633 2055 1673 2088 et

376 2161 396 2192 5
421 2156 557 2184 uetusta
570 2151 672 2185 Gron.
690 2165 698 2186 :
723 2158 880 2186 uetustae
891 2153 1050 2186 Klockius
1063 2164 1070 2185 :
1095 2158 1268 2186 uetustate
1280 2152 1603 2196 MPFUpOTDLA
1615 2153 1671 2196 (sc.

333 2207 372 2228 ex
387 2200 521 2228 uetusta
536 2200 565 2227 et
582 2201 737 2229 uetustae
760 2198 981 2239 conflatum:
1006 2202 1142 2230 uetusta
1163 2198 1236 2230 eius
1256 2195 1408 2240 Zingerle
1560 2196 1673 2238 gentis

333 2239 582 2281 MPFUpOTL
599 2251 606 2272 :
630 2251 696 2274 om.
714 2241 784 2273 DA
798 2242 872 2274 dett.
887 2242 964 2283 aliq.
1115 2242 1224 2282 gloria
1237 2241 1279 2273 M
1291 2253 1298 2274 :
1322 2241 1452 2282 gloriae
1469 2240 1539 2283 (uel
1547 2243 1595 2282 ·e)
1613 2240 1678 2273 PF

337 2283 556 2325 UpOTDLA
716 2287 738 2317 6
761 2285 916 2318 bimestri
931 2284 1138 2318 MPTDLA
1158 2297 1165 2317 ε
1189 2285 1365 2317 bimenstri
1386 2284 1490 2327 UpO:
1518 2285 1538 2317 b
1554 2283 1672 2318 mestri

334 2327 408 2367 (ubi
422 2328 443 2358 b
467 2329 646 2361 inusitatae
660 2330 797 2370 somme
809 2343 821 2369 ,·
846 2341 880 2362 u.
902 2340 928 2360 1.
949 2340 979 2370 7.
995 2338 1014 2368 5
1035 2329 1132 2370 adn.)
1149 2329 1200 2362 F:
1224 2329 1382 2361 semestri
1406 2328 1608 2368 Mommsen,
1633 2339 1682 2360 α,

334 2371 472 2411 Dionys.
491 2382 521 2411 9.
535 2381 586 2413 59.
604 2383 634 2411 4,
651 2384 732 2405 sane
747 2373 845 2405 aliud
858 2378 988 2415 tempus
1005 2373 1186 2414 respia'ente
1314 2383 1351 2413 13
1376 2373 1474 2413 isque
1490 2371 1523 2404 F
1526 2371 1568 2403 7²
1583 2371 1671 2404 Edd.

337 2418 417 2446 uet.:
444 2415 564 2455 hisque
583 2416 827 2459 MPUpTDL:
848 2415 1052 2458 hiisqueA:
1075 2416 1136 2457 def
1157 2416 1190 2449 Ο
1352 2425 1393 2458 15
1415 2417 1449 2447 in
1467 2420 1574 2448 castra
1589 2413 1674 2448 ΜΡ·

339 2458 560 2501 UpOTDLA
579 2472 585 2490 :
610 2465 720 2492 castra
738 2461 771 2491 in
790 2460 854 2492 PF
