1722 2748
233 151 291 189 IX
317 160 367 199 27
394 167 432 190 10
828 153 949 191 TITI
982 153 1100 192 LIVI

258 275 292 298 11
315 262 541 302 uniuersam
574 263 627 303 ab
658 277 705 303 ea
739 271 849 315 parte
880 263 1023 303 auertit
1055 263 1192 304 aciem.
1255 266 1303 304 In
1334 279 1384 306 eo
1418 279 1543 306 cornu
1573 279 1656 306 non

316 328 516 369 Poetelius
529 331 637 369 solus
650 331 721 370 sed
742 329 940 381 Sulpicius
957 329 1076 370 etiam
1098 331 1273 370 hortator
1287 332 1477 380 adfuerat,
1492 339 1657 372 auectus

314 395 366 435 ab
385 395 467 435 suis
487 398 668 436 nondum
686 396 987 437 conserentibus
1004 409 1146 436 manus
1165 397 1217 436 ad
1232 398 1446 438 clamorem
1461 411 1486 438 a
1501 397 1656 438 sinistra

256 477 292 500 12
314 469 424 513 parte
444 462 551 514 prius
572 470 764 503 exortum.
812 464 933 503 Vnde
953 463 1061 502 haud
1082 462 1246 502 dubiam
1266 463 1474 503 uictoriam
1490 477 1657 504 cernens

313 541 405 567 cum
426 529 479 569 ad
499 542 615 569 suum
637 542 761 568 cornu
782 529 962 568 tenderet
988 542 1078 568 cum
1111 527 1217 568 mille
1246 529 1430 570 ducentis
1453 528 1558 579 uiris,
1581 528 1656 570 dis-

314 593 483 634 similem
504 594 559 635 ibi
576 596 773 635 fortunam
793 594 960 645 inuenit,
974 597 1181 635 Romanos
1193 595 1283 635 loco
1299 596 1444 647 pulsos,
1462 597 1655 636 uictorem

255 669 294 701 13
312 659 470 700 hostem
510 660 622 712 signa
659 662 699 700 in
739 662 941 712 perculsos
981 660 1226 701 inferentem.
1296 660 1487 701 Ceterum
1521 661 1656 701 omnia

314 724 483 766 mutauit
504 734 666 778 repente
686 726 861 766 consulis
878 728 1077 767 aduentus
1092 740 1103 775 3
1132 739 1223 766 nam
1245 733 1284 766 et
1304 734 1523 779 conspectu
1543 725 1657 766 ducis

312 793 483 832 refectus
514 792 684 832 militum
717 801 777 832 est
807 792 975 842 animus,
999 801 1037 833 et
1070 794 1195 832 maius
1229 806 1349 844 quam
1382 806 1455 844 pro
1488 806 1657 834 numero

312 856 501 897 auxilium
528 859 746 898 aduenerat
768 861 791 899 †
808 859 927 898 fortes
954 859 1027 897 uiri
1040 862 1073 907 †‚
1096 867 1134 898 et
1163 858 1282 909 partis
1310 857 1470 898 alterius
1492 860 1658 899 uictoria

255 934 293 966 14
313 922 451 963 audita
471 936 564 963 mox
584 923 670 963 uisa
689 925 808 963 etiam
830 923 1024 975 proelium
1047 923 1223 964 restituit.
1284 926 1388 964 Tota
1409 924 1558 964 deinde
1578 923 1655 964 iam

314 988 474 1029 uincere
502 989 588 1030 acie
618 991 827 1030 Romanus
856 997 895 1030 et
924 989 1073 1030 omisso
1102 990 1317 1030 certamine
1344 989 1458 1030 caedi
1487 989 1657 1042 capique

315 1055 524 1104 Samnites,
547 1055 621 1095 nisi
644 1056 711 1107 qui
735 1058 1024 1104 Maleuentum,
1047 1056 1109 1096 cui
1137 1070 1243 1096 nunc
1268 1055 1355 1096 urbi
1379 1058 1655 1096 Beneuentum

315 1134 463 1161 nomen
484 1129 555 1170 est,
579 1123 844 1174 perfugerunt.
906 1123 971 1162 Ad
993 1122 1149 1174 triginta
1177 1122 1283 1162 milia
1308 1136 1423 1163 caesa
1448 1130 1517 1163 aut
1541 1130 1656 1175 capta

314 1187 550 1227 Samnitium
574 1188 773 1239 proditum
797 1188 1012 1229 memoriae
1032 1197 1101 1229 est.
1609 1188 1611 1190 ’

229 1252 282 1293 28
369 1255 566 1294 Consules
587 1254 743 1306 egregia
759 1253 923 1294 uictoria
939 1262 1049 1306 parta
1063 1254 1241 1306 protinus
1255 1255 1348 1296 inde
1364 1256 1416 1295 ad
1431 1254 1654 1295 Bouianum

278 1332 292 1353 z
314 1321 628 1371 oppugnandum
670 1320 846 1372 legiones
885 1322 1064 1369 ducunt;
1108 1316 1244 1373 ibique
1276 1321 1442 1362 hiberna
1479 1329 1655 1374 egerunt,

313 1386 444 1426 donec
478 1387 530 1426 ab
564 1386 681 1427 nouis
712 1387 956 1436 consulibus,
995 1389 1037 1426 L.
1077 1387 1233 1439 Papirio
1266 1390 1437 1429 Cursore
1471 1387 1656 1440 quintum

314 1452 359 1493 C.
387 1452 504 1492 Iunio
538 1453 722 1493 Bubulco
756 1452 897 1493 iterum
933 1455 1161 1494 nominatus
1195 1455 1361 1495 dictator
1389 1456 1435 1497 C.
1458 1453 1657 1495 Poetelius

276 1537 294 1568 3
314 1533 405 1558 cum
429 1520 485 1557 M.
506 1520 620 1559 Folio
641 1521 829 1571 magistro
848 1519 1029 1572 equitum
1043 1520 1255 1560 exercitum
1277 1521 1443 1574 accepit.
1489 1523 1541 1571 Is,
1564 1534 1656 1561 cum

312 1586 488 1625 audisset
507 1599 639 1626 arcem
667 1587 939 1638 Fregellanam
968 1586 1020 1626 ab
1051 1587 1294 1627 Samnitibus
1315 1596 1485 1640 captam,
1507 1587 1658 1628 omisso

315 1651 498 1692 Bouiano
534 1654 586 1693 ad
620 1654 816 1705 Fregellas
851 1653 976 1706 pergit
993 1668 1004 1703 5
1049 1656 1156 1695 unde
1192 1663 1386 1696 nocturna
1418 1653 1656 1696 Samnitium

314 1719 405 1769 suga
436 1718 521 1758 sine
552 1719 768 1760 certamine
796 1719 964 1772 receptis
1000 1721 1184 1773 Fregellis
1218 1721 1495 1774 praesidioque
1522 1721 1657 1762 ualido

313 1783 502 1836 imposito
523 1784 562 1824 in
592 1786 856 1837 Campaniam
888 1787 1060 1827 reditum
1091 1787 1260 1828 maxime
1289 1789 1340 1828 ad
1370 1789 1516 1828 Nolam
1537 1786 1657 1828 armis

274 1862 293 1896 4
314 1852 583 1902 repetendam.
644 1854 704 1892 Eo
725 1866 767 1892 se
787 1852 889 1892 intra
919 1853 1078 1893 moenia
1107 1854 1182 1894 sub
1210 1855 1429 1894 aduentum
1454 1853 1656 1894 dictatoris

361 1966 399 1988 10
422 1956 545 1988 auertit
559 1957 629 1989 MO
639 1957 766 1990 TDLA
784 1972 791 1992 :
819 1959 943 1992 euertit
956 1958 1072 2000 PFUp
1208 1969 1241 1990 11
1269 1970 1338 1991 non
1352 1958 1551 1992 Poetelius:
1571 1984 1579 1993 .
1597 1959 1656 1993 ,ab

313 2001 384 2032 suis
409 2011 475 2031 om.
501 1999 566 2031 PF
566 2001 617 2042 Up
643 2002 733 2042 (add.
760 2003 797 2036 in
828 2004 980 2046 margine
1009 2002 1071 2045 Up¹
1085 2013 1097 2040 ,·
1121 2002 1241 2035 lacuna
1265 2015 1286 2035 a
1310 2003 1342 2034 P
1363 2004 1495 2046 notata)

315 2044 485 2076 Poetelius
495 2044 533 2085 cf.
549 2049 564 2084 ξ
577 2046 615 2077 8:
645 2047 802 2087 petellius
815 2047 972 2079 MDLA:
999 2046 1135 2087 petilius
1147 2047 1198 2079 O:
1225 2046 1408 2087 poetellius
1423 2046 1455 2079 T
1546 2057 1586 2088 13
1599 2047 1659 2080 ad-

315 2093 454 2120 uenerat
472 2088 577 2120 sortes
596 2090 658 2121 uiri
679 2090 832 2133 PFUpO
841 2090 896 2123 TL
917 2092 928 2132 (
937 2097 1046 2132 paruo
1067 2090 1172 2132 spatio
1189 2094 1264 2122 ante
1280 2091 1385 2123 sortes
1411 2091 1516 2124 relicto
1531 2091 1566 2123 in
1582 2091 1619 2124 P
1629 2095 1659 2124 et

312 2131 381 2173 F):
414 2138 557 2164 uenerat
574 2134 681 2166 sortes
701 2136 763 2166 uiri
783 2135 853 2166 DA
871 2147 878 2167 :
904 2135 1115 2167 aduenerant
1133 2134 1238 2166 sortes
1255 2134 1316 2166 uiri
1333 2134 1423 2166 ΜΑ2
1440 2147 1448 2167 x
1477 2145 1506 2167 00
1529 2134 1659 2167 addidit

310 2180 386 2216 post
407 2176 595 2210 aduenerat
612 2178 666 2218 12²,
695 2184 798 2219 supra
823 2179 888 2211 T²z
930 2183 1056 2220 parum
1076 2178 1263 2210 Liuianum
1289 2179 1425 2211 uidetur
1445 2178 1532 2211 illud
1549 2179 1658 2211 fortes
1701 2183 1704 2187 '

312 2221 385 2257 uiri,
405 2221 465 2252 sed
486 2226 603 2254 utrum
631 2222 866 2255 secludendum
894 2233 939 2254 an
965 2222 1060 2254 aliter
1081 2221 1316 2263 castigandum
1339 2223 1382 2254 sit
1403 2233 1470 2254 non
1493 2222 1657 2264 adfirma-

312 2265 483 2301 uerimus;
512 2267 661 2306 forsitan
693 2278 732 2298 ex
751 2266 846 2298 P²T²
876 2267 1063 2298 aduenerat
1093 2265 1161 2305 (uel
1185 2267 1533 2305 eram-aduenerant
1565 2267 1656 2298 mille
1700 2298 1701 2302 ,

312 2308 417 2339 sortes
446 2310 691 2342 uiri-scribere
718 2311 828 2342 liceat:
868 2311 1055 2342 aduenerat
1079 2310 1185 2341 sortes
1212 2310 1274 2341 uiri
1297 2311 1425 2342 seclusit
1450 2310 1564 2343 Cobet:
1597 2311 1656 2342 ad-

312 2358 478 2384 uenerant
501 2354 592 2385 mille
610 2354 716 2386 sortes
733 2354 808 2395 uiri,
832 2353 914 2386 Edd.
935 2357 1012 2385 ante
1025 2353 1158 2385 Aldum

355 2395 402 2428 28
427 2406 446 2425 2
472 2397 646 2429 Poetelius
663 2399 700 2438 cs.
718 2404 820 2440 supra
838 2410 859 2430 c.
881 2409 931 2437 24.
954 2408 965 2428 1
985 2410 991 2429 :
1020 2398 1171 2430 potelius
1189 2398 1342 2430 MI'FO:
1367 2398 1549 2438 poetellius
1572 2398 1655 2430 TD:

313 2440 472 2478 petellius
498 2441 593 2472 LA²:
623 2442 766 2481 potelius
788 2443 820 2472 A
996 2453 1015 2481 3
1041 2442 1067 2472 is
1088 2453 1162 2472 cum
1189 2441 1493 2482 l’lstUpOTDLA:
1519 2453 1592 2474 cum
1618 2442 1656 2473 M

1702 2016 1722 2178 i
