1722 2748
483 174 554 212 AB
585 173 735 210 VRBE
767 173 1025 212 CONDITA
1235 173 1339 211 VIII
1363 179 1414 220 37
1436 187 1454 217 3

81 284 230 324 bellum
245 282 422 322 accessit.
461 284 638 332 Vtroque
651 282 842 320 exercitus
857 280 975 320 missi.
1017 281 1192 332 Sulpicio
1206 281 1413 330 Samnites,

82 349 203 399 Apuli
223 347 397 388 Aemilio
421 354 526 387 sorte
547 354 776 386 euenerunt.
835 348 935 386 Sunt
958 346 1027 398 qui
1052 360 1133 385 non
1162 346 1254 398 ipsis
1275 345 1416 398 Apulis
1437 360 1456 390 4

82 415 232 454 bellum
255 412 424 453 inlatum
443 414 514 452 sed
530 412 659 451 socios
680 411 764 452 eius
779 412 907 462 gentis
924 413 1094 463 populos
1114 413 1166 451 ab
1179 411 1416 452 Samnitium

83 477 123 518 ui
142 486 264 530 atque
283 477 433 517 iniuriis
454 478 638 517 defensos
663 476 835 516 scribant
850 491 861 526 3
889 484 1065 516 ceterum
1092 478 1248 516 fortuna
1269 476 1419 517 Samni·
1441 489 1458 522 5

84 544 194 593 tium,
209 543 276 583 uix
289 557 315 583 a
329 557 371 583 se
385 542 479 594 ipsis
496 556 544 582 eo
558 550 735 593 ternpore
752 542 1069 594 propulsantium
1085 542 1247 591 bellum,
1257 541 1419 594 propius

86 618 128 651 ut
149 610 198 650 sit
218 623 314 649 uero
338 609 430 649 facit
454 622 536 648 non
556 609 696 660 Apulis
724 610 775 648 ab
796 608 1041 649 Samnitibus
1069 622 1178 648 arma
1201 609 1322 648 inlata
1349 609 1419 648 sed

87 690 180 716 cum
212 683 380 727 utraque
417 674 532 714 simul
570 681 687 725 gente
721 674 870 714 bellum
910 674 1104 714 Romanis
1142 674 1272 714 fuisse.
1332 675 1370 714 N
1374 687 1419 713 ec
1441 677 1460 708 6

86 750 222 782 tamen
242 754 303 780 res
322 741 402 780 ulla
421 739 688 779 memorabilis
707 747 795 779 acta
809 755 819 788 ;
847 754 938 791 ager
958 742 1112 791 Apulus
1134 740 1420 791 Samniumque

87 813 309 848 euastatum
324 820 335 855 ς
364 807 497 845 hostes
518 818 592 845 ηερ
612 805 676 844 hic
696 819 770 845 ηερ
791 804 870 844 illic
891 805 1054 845 inuenti.

144 874 299 912 Romae
323 878 539 910 nocturnus
564 877 685 910 terror
711 870 766 909 ita
795 883 842 909 ex
871 883 1015 910 somno
1043 870 1237 922 trepidam
1261 878 1422 922 repente

87 937 292 977 ciuitatem
325 934 469 975 exciuit
503 942 547 974 ut
579 934 822 986 Capitolium
857 942 977 986 atque
1019 949 1086 974 arx
1115 935 1353 987 moeniaque
1385 944 1423 976 et

88 1011 226 1055 portae
240 1003 359 1053 plena
372 1008 610 1040 armatorum
628 1000 770 1040 fuerint
785 1014 796 1049 ;
826 1008 866 1039 et
881 1014 973 1039 cum
989 1009 1267 1040 concursatum
1283 1004 1424 1041 clama·
1447 1015 1463 1048 7

89 1077 258 1118 tumque
273 1067 328 1107 ad
347 1079 455 1105 arma
476 1065 662 1104 omnibus
684 1065 780 1105 locis
801 1073 915 1114 esset,
939 1065 1064 1117 prima
1084 1067 1172 1106 luce
1193 1080 1268 1106 ηερ
1288 1075 1425 1107 auctor

91 1146 165 1174 nec
185 1145 304 1172 causa
323 1131 478 1171 terroris
498 1131 730 1182 comparuit.

148 1199 303 1238 Eodem
329 1210 436 1237 anno
462 1198 513 1236 de
541 1196 778 1236 Tusculanis
804 1197 940 1238 Flauia
968 1197 1170 1249 rogatione
1190 1198 1327 1250 populi
1355 1198 1426 1238 fuit
1446 1206 1465 1238 8

92 1263 295 1304 iudicium.
356 1264 414 1302 M.
435 1262 595 1302 Flauius
615 1262 796 1303 tribunus
818 1263 945 1315 plebis
974 1262 1062 1303 tulit
1087 1265 1139 1303 ad
1164 1265 1356 1316 populum
1385 1272 1427 1304 ut

93 1331 132 1370 in
148 1331 400 1370 Tusculanos
421 1329 809 1378 animaduerteretur‚
828 1331 937 1380 quod
954 1343 1089 1369 eorum
1108 1343 1184 1381 ope
1199 1344 1246 1370 ae
1262 1330 1428 1371 consilio

94 1396 286 1437 Veliterni
312 1396 639 1446 Priuernatesque
666 1398 816 1448 populo
838 1398 1025 1436 Romano
1053 1397 1201 1437 bellum
1231 1398 1427 1439 fecissent.

96 1464 273 1515 Populus
310 1464 560 1502 Tusculanus
598 1475 689 1502 cum
730 1462 965 1513 coniugibus
1003 1476 1050 1502 ac
1089 1463 1220 1503 liberis
1256 1465 1428 1504 Romam
1449 1478 1470 1510 9

95 1527 214 1568 uenit.
275 1529 336 1567 Ea
354 1527 567 1567 multitudo
593 1534 703 1567 ueste
729 1534 879 1567 mutata
903 1535 942 1567 et
968 1527 1100 1579 specie
1126 1541 1282 1568 reorum
1306 1530 1431 1569 tribus

96 1593 234 1634 circuit
262 1593 430 1645 genibus
461 1606 502 1632 se
530 1592 709 1632 omnium
739 1593 960 1632 aduoluens
976 1607 986 1641 3
1016 1594 1104 1644 plus
1128 1593 1261 1645 itaque
1287 1594 1432 1635 miseri·
1455 1613 1493 1636 ιο

95 1659 231 1700 cordia
268 1660 319 1699 ad
357 1672 511 1710 poenae
551 1658 710 1698 ueniam
751 1658 1040 1709 impetrandam
1077 1671 1195 1709 quarn
1229 1672 1349 1700 causa
1381 1662 1432 1701 ad

98 1724 249 1765 crimen
278 1725 527 1776 purgandum
553 1723 686 1763 ualuit.
749 1724 894 1763 Tribus
920 1737 1060 1763 omnes
1090 1732 1243 1775 praeter
1266 1727 1432 1766 Polliam
1457 1739 1490 1762 11

97 1789 352 1841 antiquarunt
372 1791 498 1840 legem
515 1805 523 1829 :
558 1789 706 1829 Polliae
724 1787 919 1829 sententia
936 1790 1007 1829 suit
1023 1790 1192 1842 puberes
1209 1791 1434 1831 uerberatos

67 1877 72 1881 -
99 1854 243 1904 necari,
274 1855 463 1906 coniuges
495 1854 719 1906 liberosque
753 1855 827 1894 sub
860 1868 1007 1894 corona
1043 1857 1127 1906 lege
1162 1855 1253 1896 belli
1287 1857 1431 1898 uenire.

145 1970 162 2000 7
187 1970 262 1992 cum
276 1965 512 1992 concursatum
525 1959 813 2001 PssFUpHTDA:
838 1970 912 1991 eum
934 1966 1171 1993 consur-satum
1189 1960 1278 1994 MP:
1296 1972 1436 1994 conuer-

100 2008 208 2035 satum
230 2003 282 2036 O:
305 2014 379 2035 cum
399 2009 569 2036 cursatum
594 2004 641 2037 L:
677 2010 717 2035 co
740 2010 980 2035 concursatum
1007 2005 1077 2036 D³:
1102 2010 1340 2038 concursatum
1363 2005 1435 2037 deit.

97 2048 240 2089 plerique
304 2047 550 2088 clamatumque
563 2047 666 2079 MPF
666 2047 793 2089 UpOH
797 2047 942 2078 TDLA:
961 2048 1273 2089 conclamatumque
1283 2049 1397 2090 szgon.

100 2093 120 2122 8
147 2090 261 2122 Flauia
277 2089 544 2123 MPFOTDLA
563 2103 570 2122 :
597 2091 686 2123 sabia
710 2090 850 2131 ζῘρΗΑ2
943 2091 1080 2124 Flauius
1098 2093 1145 2124 ed.
1165 2092 1266 2126 Rom.
1291 2095 1383 2133 1469,
1397 2094 1436 2133 cj:

103 2133 174 2166 Val.
192 2133 286 2167 Max.
309 2145 340 2174 9.
366 2144 415 2166 10.
446 2144 456 2165 1
475 2146 482 2166 :
507 2134 613 2166 fabius
636 2133 995 2176 MPFUpOHTDLA
1131 2137 1219 2176 quod
1237 2147 1352 2167 eorum
1368 2136 1440 2167 dett.

101 2177 189 2218 aliq„
203 2178 242 2218 cf.
256 2177 327 2209 Val.
341 2177 433 2209 Max.
448 2189 479 2218 9.
492 2188 541 2210 10.
560 2189 572 2209 1
587 2190 594 2209 :
611 2184 678 2218 quo
693 2189 808 2210 eorum
826 2178 856 2209 O
872 2179 947 2218 (qui
958 2189 1022 2220 ope
1037 2180 1154 2220 adfin.
1173 2180 1273 2211 lineae
1283 2180 1420 2219 omittit)
1433 2191 1440 2211 :

101 2231 245 2262 quorum
261 2221 294 2251 A
315 2225 345 2253 et
361 2220 447 2253 Edd.
471 2225 546 2253 ante
563 2220 686 2253 Gron.:
711 2232 852 2262 quorum
879 2232 993 2253 eorum
1022 2222 1335 2264 MPFUpHTDL:
1359 2235 1441 2264 quo-

102 2265 192 2297 niam
217 2274 333 2296 eorum
353 2264 402 2295 A²
426 2264 508 2297 Lov.
531 2276 551 2296 2
723 2265 850 2306 populo
870 2289 877 2296 .
895 2288 904 2296 .
926 2289 934 2298 .
956 2266 1122 2298 fecissent
1147 2277 1212 2300 om.
1229 2267 1282 2307 ¹M
1303 2269 1444 2309 (supplet

103 2309 294 2340 descissent
311 2307 368 2339 M⁴
387 2307 440 2339 uel
453 2307 518 2347 Μ)
669 2309 793 2349 populo
810 2308 1103 2349 PFUp0T²DxA
1121 2321 1128 2340 :
1155 2311 1302 2352 populos
1325 2310 1417 2343 TDL
1435 2323 1443 2343 t

103 2351 238 2393 populis
269 2351 308 2383 H
493 2363 515 2390 9
538 2362 670 2383 reorum
709 2351 772 2383 PF
772 2351 899 2393 UpOH
905 2351 1032 2384 TDLA
1057 2365 1064 2385 ε
1105 2346 1257 2386 ficorum
1300 2357 1372 2396 (sic)
1404 2355 1442 2386 M

121 2443 133 2470 t
149 2395 286 2470 Λῖἑῖυἰῐ
304 2393 529 2436 MPFUpOH
536 2394 675 2436 TDLA,
690 2395 727 2435 cf
741 2406 764 2428 c.
779 2396 831 2436 36.
843 2398 878 2427 6:
895 2396 1047 2429 circumit
1058 2396 1142 2430 Edd.
1161 2408 1230 2431 recc.
1247 2400 1258 2439 ζ
1267 2398 1439 2431 Weissenb.

105 2449 120 2469 e
233 2449 262 2472 v.
270 2460 279 2479 s
