1722 2748
270 159 308 196 X
328 169 384 206 30
408 175 420 197 1
875 158 995 197 TITI
1037 159 1155 198 LIVI

255 283 310 322 30
386 273 438 312 Et
459 272 499 312 in
522 271 678 313 Etruria
695 284 766 324 per
786 271 952 311 eosdem
971 271 1058 310 dies
1077 269 1130 310 ab
1151 270 1226 311 Cn.
1250 269 1393 311 Fuluio
1417 277 1672 324 propraetore

329 351 392 378 res
417 352 465 378 ex
490 337 689 378 sententia
712 344 824 389 gesta
843 344 883 376 et
906 343 1060 388 praeter
1086 335 1288 387 ingentem
1317 336 1479 377 inlatam
1510 340 1672 390 popula-

329 404 508 445 tionibus
525 417 710 456 agrorum
730 402 835 442 hosti
856 403 1013 442 cladem
1038 409 1259 453 pugnatum
1285 402 1404 443 etiam
1433 405 1586 455 egregie
1611 413 1671 445 est

291 483 306 505 2
330 470 693 521 Perusinorumque
714 476 754 508 et
774 469 1032 510 Clusinorum
1059 481 1177 507 caesa
1201 470 1372 520 amplius
1400 469 1508 509 milia
1534 470 1607 510 tria
1632 477 1672 510 et

289 548 308 579 3
328 537 439 588 signa
461 535 643 576 militaria
661 536 713 574 ad
734 532 875 585 uiginti
894 540 1025 584 capta.
1067 532 1305 573 Samnitium
1325 547 1469 585 agmen
1490 548 1580 575 cum
1602 548 1672 587 per

329 604 563 655 Paelignum
583 614 720 652 agrum
741 601 902 651 fugeret,
925 598 1282 639 circumuentuma
1299 599 1497 652 Paelignis
1509 609 1570 642 est
1582 615 1595 651 3
1622 615 1671 641 ex

327 669 489 709 milibus
508 668 688 720 quinque
707 667 760 706 ad
782 665 889 705 mille
908 664 1026 705 caesi.

285 751 306 783 4
383 737 533 786 Magna
551 735 637 774 eius
657 733 747 782 diei,
771 746 853 784 quo
874 731 914 771 in
936 731 1131 772 Sentinati
1152 745 1247 783 agro
1265 731 1472 783 bellatum,
1487 734 1593 773 fama
1611 740 1671 773 est

287 814 306 848 ε
325 802 446 842 etiam
466 815 562 842 uero
582 800 727 850 stanti3
756 800 828 839 sed
856 799 1104 850 superiecere
1129 797 1295 850 quidam
1322 800 1508 850 augendo
1535 799 1668 847 fidem,

325 867 394 919 qui
416 868 456 907 in
476 866 650 907 hostium
668 865 842 906 exercitu
863 863 1045 917 peditum
1066 863 1223 904 sexiens
1238 871 1409 904 centena
1429 863 1547 913 milia,
1565 863 1672 916 equi-
1709 894 1713 895 γ

326 941 412 973 tum
441 947 509 974 sex
538 941 577 974 et
606 931 868 985 quadraginta
899 930 1018 979 milia,
1045 930 1154 970 mille
1179 937 1458 982 carpentorum
1481 930 1671 982 scripsere
1707 937 1715 984 3

326 998 458 1045 fuisse,
481 999 630 1039 scilicet
651 1011 743 1038 curn
766 997 928 1036 Vmbris
950 996 1186 1048 'ruscisque,
1205 1009 1308 1048 quos
1328 1003 1368 1036 et
1387 995 1495 1047 ipsos
1515 1007 1672 1047 pugnae
1699 1014 1722 1047 ,g

286 1064 523 1114 6adfuisse;
561 1072 601 1104 et
632 1070 675 1104 ut
710 1065 988 1103 Romanorum
1024 1075 1188 1114 quoque
1222 1067 1412 1113 augerent
1445 1060 1590 1113 copias,
1616 1053 1669 1101 'L.
1690 1110 1695 1113 W

324 1130 588 1171 Volumnium
622 1143 694 1182 pro
727 1130 892 1169 consule
928 1129 1075 1168 ducem
1111 1127 1345 1168 consulibus
1374 1125 1672 1178 exercitumque
1692 1146 1698 1180 j

289 1196 409 1245 feius
438 1196 661 1249 legionibus
690 1196 900 1236 consulum
929 1193 1119 1234 adiciunt.
1184 1195 1233 1233 In
1258 1191 1437 1245 pluribus
1459 1191 1671 1232 annalibus
1690 1182 1696 1218 s'

324 1264 496 1303 duorum
528 1276 574 1303 ea
607 1263 819 1302 consulum
855 1259 1012 1312 propria
1046 1260 1214 1300 uictoria
1248 1266 1320 1308 est,
1354 1257 1595 1299 Volumnius
1628 1256 1688 1297 inv

325 1329 489 1369 Samnio
509 1328 666 1369 interim
691 1341 751 1367 res
778 1326 876 1379 'gerit
906 1325 1228 1378 Samnitiumque
1248 1326 1465 1366 exercitum
1486 1325 1527 1364 in
1547 1321 1683 1364 Tifer--

325 1408 422 1434 num
457 1402 635 1435 montem
669 1394 934 1445 compulsum,
972 1405 1055 1431 non
1089 1391 1300 1433 deterritus
1335 1389 1546 1444 iniquitate
1578 1386 1683 1439 loci,¹

324 1460 455 1500 fundit
475 1461 674 1512 fugatque.
1678 1504 1680 1506 ¹

285 1533 303 1564 8
380 1528 430 1577 Q.
455 1525 602 1566 Fabius
623 1525 804 1566 Deciano
824 1524 997 1565 exercitu
1018 1523 1155 1565 relicto
1175 1524 1217 1564 in
1249 1523 1431 1565 Etruriae
1456 1523 1679 1576 praesidio‚<

325 1593 404 1633 suis
424 1592 647 1645 legionibus
668 1591 851 1633 deductis
871 1592 924 1632 ad
944 1591 1084 1631 urbem
1108 1591 1160 1632 de
1180 1590 1307 1632 Gallis
1337 1589 1596 1642 Etruscisque
1621 1602 1675 1630 ao

367 1704 420 1738 3ο
446 1708 461 1729 1
485 1698 529 1730 ab
543 1697 608 1730 PF
609 1697 795 1739 UpTDLA
812 1709 820 1730 ε
849 1709 915 1731 om.
934 1698 983 1740 M,
993 1699 1074 1740 fort.
1093 1703 1169 1732 recte
1183 1700 1236 1743 (cfi
1254 1701 1286 1734 8.
1307 1709 1358 1741 15.
1377 1711 1416 1740 2;
1439 1711 1493 1741 3ο.
1507 1711 1562 1741 4ο.
1576 1709 1594 1741 37
1611 1698 1669 1733 uba

323 1753 371 1781 se,
383 1753 452 1773 ‘non
465 1742 507 1773 ab
521 1753 570 1782 se,
584 1746 663 1773 recte
675 1741 764 1783 cdd.)
898 1753 919 1774 2
935 1748 969 1775 et
980 1743 1196 1776 Clusinorum
1209 1744 1325 1786 PFUp
1332 1744 1460 1776 TDLA
1476 1756 1483 1778 :
1501 1755 1570 1776 om.
1584 1743 1625 1775 M
1666 1764 1671 1774 s

324 1786 445 1826 uiginti
456 1785 615 1828 MPFUp
624 1789 700 1817 etut
710 1785 887 1818 secundam
899 1787 1062 1819 lectionem
1075 1787 1108 1819 A
1124 1800 1132 1821 ε
1149 1789 1294 1830 uigintia
1308 1789 1400 1821 milia
1417 1788 1627 1830 Tsquilt'nea
1664 1805 1668 1818 .-

323 1835 427 1871 supra
445 1840 604 1861 numeros
618 1831 775 1870 scriptam
787 1835 850 1872 pro
867 1831 958 1862 milia
966 1831 1037 1871 fere
1052 1837 1182 1874 semper
1196 1833 1440 1875 interpretatur)
1459 1843 1468 1864 ε
1499 1842 1545 1864 xv
1561 1830 1626 1863 DL
1658 1823 1668 1858 ἕ

390 1885 410 1914 5
433 1875 649 1914 superiecere
666 1873 788 1906 MPT:
812 1876 991 1916 superiece
1007 1876 1057 1908 F:
1082 1878 1300 1917 superiacere
1313 1876 1414 1908 DLA
1432 1888 1440 1909 :
1466 1876 1668 1918 superadie
1707 1892 1709 1904 ε

326 1929 403 1950 cere
425 1918 476 1959 Up
597 1919 737 1950 sexiens
754 1925 899 1951 centena
916 1920 1005 1951 milia
1018 1920 1084 1960 (ᾖε.
1104 1921 1138 1952 Vr
1155 1923 1304 1954 cccmno)
1322 1920 1460 1963 scripsi:
1482 1930 1516 1953 x.
1531 1929 1630 1952 cccx
1664 1935 1666 1937 >
1706 1920 1708 1942 ³

326 1961 387 1993 M:
412 1972 447 1993 xi
464 1972 597 1994 cccxxx
625 1962 740 2004 PFUp
756 1963 829 2004 (sed
843 1974 875 1995 xi
894 1963 932 2004 F,
952 1965 988 1997 ᾗ
1008 1963 1094 2006 Um:
1123 1964 1190 1996 δεῖ·
1208 1965 1278 2001 (uel
1300 1966 1359 2006 xz.)
1387 1973 1519 1996 cccxxx
1541 1961 1644 1995 DLA
1705 1953 1708 2002 i

325 2007 548 2047 quadraginta
576 2006 665 2038 milia
699 2012 874 2040 trecentos
905 2009 1044 2050 triginta
1081 2008 1128 2040 T²
1160 2009 1235 2051 (ubi
1264 2008 1378 2041 eadem
1407 2007 1466 2040 sed
1501 2007 1650 2040 tricent·
1705 2005 1707 2039 ἶ

324 2051 463 2090 triginta
481 2050 569 2082 milia
586 2050 704 2084 habuit
725 2051 797 2093 T):
823 2053 964 2086 deciens
989 2057 1136 2085 centena
1161 2053 1252 2084 milia
1277 2051 1427 2085 Noebuhr
1441 2052 1584 2094 (optime,
1641 2072 1643 2076 .

323 2095 424 2126 etiam
439 2095 471 2126 si
483 2095 600 2126 codices
617 2100 691 2128 recte
707 2098 937 2139 interpretatus
949 2101 1006 2137 est,
1023 2097 1182 2129 maiorem
1201 2106 1383 2129 numerum
1396 2095 1547 2138 peditum
1559 2105 1627 2137 qua
1658 2101 1659 2104 ’
1704 2101 1705 2104 ’

319 2143 382 2179 pro
407 2150 548 2171 ›mmero
572 2142 721 2182 equitum
739 2142 834 2182 facit,
861 2141 900 2182 cfi
927 2152 987 2183 ag.
1005 2139 1117 2180 Polyb.
1133 2151 1163 2172 2.
1183 2151 1246 2180 24:
1271 2141 1303 2172 si
1321 2140 1459 2172 sexiens
1482 2138 1554 2180 (uel
1569 2138 1627 2180 qui

323 2183 458 2223 quiens)
479 2189 600 2217 rectmn
623 2188 677 2226 sit,
706 2190 781 2218 tum
805 2185 994 2218 admodum
1019 2187 1140 2216 constet
1163 2185 1246 2216 ratio
1270 2187 1308 2216 ut
1331 2183 1490 2216 ternidem'
1509 2183 1576 2215 sint
1599 2182 1612 2223 (

325 2227 461 2267 undeni)
477 2229 596 2270 pedites
606 2231 639 2262 in
654 2231 809 2273 singulos
823 2229 957 2271 equites)
974 2239 981 2260 ε
1007 2228 1098 2260 milia
1116 2233 1270 2260 trecenta
1292 2228 1431 2267 triginta
1448 2225 1574 2261 Hertz:
1590 2231 1652 2265 ·tr;

324 2277 424 2303 centa
447 2274 584 2315 triginta
606 2276 697 2306 milia
714 2273 828 2306 Madv.
849 2273 915 2314 (De
931 2283 961 2304 00
979 2277 1106 2314 parum
1130 2271 1284 2304 intellecto
1305 2272 1342 2312 ef.
1361 2282 1424 2313 e.g.
1437 2281 1468 2312 3.
1491 2280 1541 2311 13.
1560 2271 1591 2310 8,
1648 2308 1650 2310 v

328 2315 380 2356 Up
395 2327 437 2349 cx
451 2319 588 2360 praebet,
610 2330 661 2351 21.
682 2330 730 2359 17.
742 2329 773 2359 9,
794 2318 853 2350 ubi
863 2316 932 2349 CM
941 2326 1045 2349 ceree
1057 2321 1120 2358 pro
1136 2326 1231 2348 ccmo
1247 2315 1367 2347 habent
1378 2326 1390 2353 ,·
1412 2318 1442 2347 et
1453 2314 1527 2356 fere
1539 2324 1626 2347 sem
1645 2335 1648 2338 ι

325 2361 359 2393 in
377 2364 469 2394 tertia
486 2363 601 2395 decade
617 2363 658 2394 M
673 2373 696 2394 x
709 2368 770 2403 pro
783 2372 814 2393 00
829 2361 931 2394 habet.
981 2359 1033 2391 De
1050 2369 1086 2391 xx
1103 2363 1133 2391 et
1148 2370 1192 2391 xL
1209 2359 1355 2401 confiasis
1370 2358 1407 2400 cf.
1422 2369 1446 2391 c.
1465 2369 1515 2398 37.
1530 2367 1550 2398 5
1565 2368 1602 2390 a
1647 2375 1653 2388 ι

391 2417 409 2446 7
435 2418 491 2439 res
513 2408 600 2448 gerit
619 2405 807 2438 MTDLA²
825 2405 903 2446 (-1·is
919 2403 971 2446 A)
990 2415 997 2436 :
1020 2404 1157 2436 fescerit
1179 2403 1297 2444 PFUp
1319 2403 1376 2444 (sc.
1403 2412 1420 2434 r
1436 2402 1554 2442 altum,
1573 2399 1612 2442 cf
1639 2418 1644 2424 —

325 2462 378 2490 41.
402 2453 442 2483 16
458 2451 534 2483 adn.
554 2451 641 2482 male
656 2450 888 2489 intellegentes)
1063 2447 1224 2488 fugatque
1241 2446 1470 2489 MUpTDLA
1486 2457 1494 2478 τ
1519 2445 1645 2487 sugaq'

325 2494 390 2526 PF
535 2496 555 2526 8
579 2495 620 2535 Q.
640 2492 813 2524 MTDLA
831 2503 839 2524 τ
863 2503 928 2525 om.
952 2490 1068 2534 PFUp
