1722 2748
337 505 776 556 PRAEFATIO
826 506 1188 556 EDITORIS

147 644 165 691 ξ
187 654 248 692 35.
280 642 365 680 V1x
381 641 644 680 necessarium
661 640 870 680 uidebatur
885 641 950 680 hic
966 641 1105 681 iterum
1119 653 1431 681 commemorare

94 720 195 757 quae
215 706 343 759 primo
362 705 404 745 in
422 713 535 746 tomo
561 705 745 746 diximus.
788 707 985 746 Volebam
1001 714 1133 746 tamen
1148 714 1186 746 te
1199 707 1431 753 admonere,

93 773 215 811 lector
249 772 456 821 beneuole,
493 771 557 811 hic
591 771 768 823 primum*
797 773 862 812 uel
896 772 937 811 in
972 773 1100 812 lucem
1137 773 1201 811 uel
1235 770 1354 811 etiam
1390 770 1430 810 in

92 844 320 877 contextum
357 836 488 888 ipsum
518 836 730 876 Liuianum
759 839 979 888 productas
1009 851 1095 877 esse
1125 837 1316 877 lectiones
1348 851 1428 877 non

93 903 214 942 modo
257 901 442 942 codicum
491 902 761 951 Floriacensis‚
811 903 1127 955 Bambergensis,
1177 902 1428 950 Oxoniensis‚

93 968 393 1017 Einsiedlensis,
420 967 688 1017 Dominicani,
712 969 988 1019 Agennensi83
1023 970 1093 1009 sed
1127 968 1245 1008 etiam
1280 968 1429 1009 codicis

91 1033 286 1083 Thuanei‚
307 1035 420 1073 cuius
441 1041 532 1073 sunt
551 1033 591 1072 hi
612 1033 790 1085 quinque
817 1034 905 1074 libri
932 1034 1043 1086 quasi
1066 1034 1211 1086 proprii
1232 1033 1297 1088 (cf.
1319 1035 1358 1085 ἓξ
1381 1049 1426 1074 22

91 1108 129 1140 et
147 1101 197 1151 36
216 1097 304 1153 (lo),
327 1113 434 1138 nunc
465 1100 628 1139 demum
657 1101 851 1139 rationem
872 1099 913 1138 in
933 1099 1170 1139 lectionibus
1190 1099 1430 1139 constituen-

90 1166 151 1206 dis
188 1164 366 1204 habitam
403 1178 514 1205 esse:
556 1173 756 1216 praeterea
794 1166 985 1206 lectiones
1019 1165 1204 1207 codicum
1241 1165 1427 1216 Medicei‚

92 1228 331 1280 Parisiensis,
373 1230 591 1279 Harleiani,
633 1231 840 1271 Leidensis
878 1246 902 1271 a
935 1231 1052 1272 nobis
1087 1232 1288 1271 stabilitas.
1349 1231 1428 1271 His

89 1296 299 1336 addendae
327 1304 419 1336 sunt
446 1296 638 1336 lectiones
665 1297 734 1337 diu
765 1299 967 1349 neglectae
986 1297 1172 1337 codicum
1192 1296 1428 1337 Geleniano—

89 1374 187 1410 rum,
209 1361 261 1401 de
279 1361 424 1412 quibus
454 1361 493 1400 in
523 1363 542 1412 §
561 1376 610 1411 42
643 1376 770 1413 pauca
789 1362 978 1403 disseram
994 1378 1005 1413 3
1034 1363 1074 1401 in
1095 1362 1155 1401 his
1175 1362 1358 1412 citandis,
1378 1376 1428 1402 ne

90 1426 129 1464 in
147 1440 319 1466 errorem
339 1441 409 1479 per
425 1426 566 1468 Geleni
586 1427 777 1468 incertam
797 1429 1014 1468 dictionem
1036 1430 1278 1476 caderemus,
1297 1428 1426 1468 uisum

89 1498 148 1531 est
167 1491 373 1543 ipsissimis
405 1491 490 1532 eius
520 1493 654 1533 uerbis
685 1495 742 1533 uti
775 1493 822 1547 (e.
839 1508 874 1545 g.
903 1495 1103 1545 antiquior
1133 1495 1250 1542 lectio,
1282 1495 1427 1534 sincera

89 1556 208 1608 lectio)
223 1571 237 1607 3
260 1571 335 1597 nec
363 1556 456 1605 iam,
476 1565 521 1598 ut
550 1557 589 1597 in
621 1559 783 1599 citando
804 1562 930 1600 Beato
952 1561 1162 1608 Rhenano,
1184 1574 1231 1600 ex
1251 1559 1427 1600 editione

91 1623 483 1673 Drakenborchiana,
497 1624 569 1664 sed
586 1638 676 1665 meo
692 1639 742 1664 ex
757 1627 939 1677 exemplo
951 1625 1138 1666 editionis
1152 1617 1426 1666 F'robenianae

93 1699 206 1740 1535,
227 1688 341 1728 cuius
367 1689 541 1729 editores
569 1698 680 1729 erant
712 1692 932 1730 Rhenanus
960 1698 1001 1731 et
1029 1690 1220 1731 Gelenius
1234 1705 1246 1740 3
1274 1699 1313 1731 et
1342 1692 1426 1732 ubi-

89 1766 262 1804 cumque
301 1753 398 1792 nihil
433 1752 509 1794 nisi
542 1768 664 1794 uoces
698 1757 783 1795 ‘ed.
818 1756 934 1796 Frob.
981 1756 1105 1808 1535’
1143 1755 1425 1808 scripserimus,

90 1819 260 1858 uelimus
302 1832 521 1869 cognoscas
568 1819 782 1860 lectionem
824 1820 879 1860 ibi
920 1820 1080 1861 citatam
1126 1828 1210 1861 tum
1254 1821 1424 1873 primum

88 1884 222 1934 quoad
253 1883 424 1924 sciamus
454 1884 493 1923 in
523 1884 589 1924 illa
616 1885 794 1926 editione
819 1888 930 1938 prelo
956 1888 1155 1938 uolgatam
1184 1887 1424 1939 apparuisse,

87 1949 157 1988 sed
194 1957 326 1988 utrum
365 1964 411 1989 ex
450 1950 592 1990 Geleni
633 1951 840 1991 codicibus
882 1967 1010 1992 necne
1052 1952 1230 1992 deriuata
1267 1952 1316 1993 sit
1353 1967 1427 1993 nos

88 2014 249 2055 nescire.

141 2081 159 2130 ξ
181 2083 242 2131 36.
276 2083 408 2120 Pauca
441 2083 492 2122 de
523 2084 667 2122 nostris
690 2082 897 2123 codicibus
924 2083 957 2122 si
983 2083 1187 2123 referimus
1218 2085 1282 2124 uel
1308 2084 1425 2136 priori

88 2145 341 2195 praefationis
387 2146 487 2198 parti
534 2147 798 2199 adiungimus,
848 2151 1012 2188 fortasse
1059 2148 1131 2188 tibi
1173 2149 1261 2188 usui
1297 2159 1424 2190 erunt.

91 2212 149 2248 Ex
180 2218 265 2250 toto
297 2211 485 2251 codicum
519 2221 744 2253 nostrorum
778 2228 946 2254 numero
979 2213 1054 2254 soli
1085 2215 1343 2254 MPDLAR
1373 2217 1426 2256 ad

90 2276 209 2314 finem
230 2275 347 2315 huius
369 2276 544 2316 Decadis
565 2292 722 2317 cursum
745 2287 883 2319 tenent
903 2279 1125 2318 incolumes
1144 2286 1183 2319 et
1203 2280 1342 2332 integri
1361 2297 1369 2321 ε

140 2338 200 2391 (ιι)
230 2340 380 2380 codicis
400 2342 642 2381 Veronensis
669 2343 767 2382 nihil
788 2351 877 2395 post
898 2357 1018 2384 uoces
1038 2344 1273 2383 Latinorum
1293 2347 1430 2385 Herm‘

88 2409 122 2444 6.
150 2419 182 2455 7.
209 2421 222 2445 1
249 2415 399 2456 exstat3
