1722 2748
452 165 524 202 AB
556 165 708 202 VRBE
739 164 998 203 CONDITA
1120 194 1126 201 .
1283 163 1320 199 X
1342 171 1396 210 24
1415 169 1434 200 8

0 268 1 274 ¹
61 289 224 327 magnos
248 277 420 315 honores
450 283 579 323 esset3
608 283 821 326 postquam
849 274 933 325 ipsa
960 274 1083 313 uirtus
1111 273 1318 326 peruicerit
1345 287 1396 313 ne
1414 288 1434 319 9

1 333 2 336 ¹
60 339 98 380 in
128 342 210 381 ullo
238 355 382 393 genere
410 339 619 379 hominum
650 340 887 379 inhonorata
915 348 1028 389 esset,
1052 341 1185 391 quaeri
1207 340 1395 391 quemad-

0 442 3 444 μ
60 409 223 447 modum
253 407 368 446 inrita
395 406 473 446 sint
499 420 582 445 non
612 405 793 457 suffragia
822 407 943 445 modo
973 405 1110 457 populi
1137 406 1208 445 sed
1235 404 1396 444 arbitria

59 471 175 511 etiarn
193 474 374 512 fortunae
389 481 428 512 et
444 471 484 510 in
498 485 714 523 paucorum
737 478 976 522 potestatem
997 479 1209 510 uertantur.
1254 484 1395 510 omnes
1420 487 1456 509 10

57 546 148 577 ante
168 552 211 578 se
230 539 413 578 consules
435 537 592 577 sortitos
609 536 832 588 prouincias
853 550 963 577 esse:
992 551 1101 576 nunc
1122 544 1229 576 extra
1248 544 1394 576 sortem

60 603 183 643 Fabio
204 612 385 644 senatum
412 603 660 655 prouinciam
682 602 880 651 dare,—si
906 602 1067 642 honoris
1089 602 1173 642 eius
1193 616 1322 650 causa,
1342 602 1395 641 ita
1419 619 1453 641 11

0 666 3 671 ¹
58 682 148 708 eum
170 671 221 709 de
240 684 283 710 se
304 671 434 721 deque
451 684 490 708 re
512 669 672 720 publica
693 670 878 708 meritum
899 683 985 708 esse
1007 676 1048 707 ut
1069 671 1199 708 faueat
1221 671 1271 718 Q.
1297 668 1395 709 Fabi

0 742 4 782 ξ’
56 735 202 786 gloriae
240 750 343 788 quae
382 737 504 774 modo
543 749 625 774 non
665 749 734 774 sua
772 735 1014 774 contumelia
1053 736 1271 786 splendeat.
1329 733 1393 773 cui
1418 751 1452 772 12

56 809 188 840 autem
216 801 384 841 dubium
410 815 505 848 esse,
528 800 597 839 ubi
626 814 751 839 unum
778 800 927 840 bellum
952 800 1001 839 sit
1027 807 1209 851 asperum
1230 814 1277 839 ac
1297 800 1393 839 diffi-

0 857 2 868 ⁵
58 866 142 914 cile,
164 881 257 907 cum
279 867 319 906 id
339 866 450 906 alteri
471 873 579 905 extra
598 874 745 905 sortem
768 867 989 914 mandetur,
1012 865 1107 917 quin
1137 867 1233 905 alter
1253 868 1393 905 consul

0 947 2 950 v
58 944 127 980 pro
147 943 445 981 superuacaneo
471 937 591 980 atque
618 928 746 968 inutili
772 929 994 969 habeatur?
1048 928 1201 979 gloriari
1227 928 1391 968 Fabium
1417 942 1453 973 ¹3

4 1042 7 1043 ⁷
58 995 174 1035 rebus
193 995 234 1034 in
258 995 411 1035 Etruria
431 995 549 1046 gestis
565 1010 575 1044 3
605 997 707 1035 uelle
727 1001 766 1034 et
788 997 830 1033 P.
856 994 1025 1034 Decium
1046 994 1200 1045 gloriari
1217 1009 1226 1043 ;
1256 1002 1294 1034 et
1322 996 1394 1034 for·

57 1060 168 1109 sitan,
201 1075 321 1112 quem
353 1061 418 1100 ille
449 1061 637 1100 obrutum
672 1060 804 1112 ignem
836 1060 1046 1112 reliquerit,
1084 1060 1136 1099 ita
1169 1068 1209 1099 ut
1248 1060 1393 1100 totiens

0 1176 4 1177 ⁷
58 1141 207 1166 nouum
222 1141 271 1167 ex
285 1128 503 1178 improuiso
522 1126 753 1166 incendium
776 1127 898 1174 daret,
921 1140 1011 1165 eum
1034 1140 1075 1165 se
1096 1126 1391 1166 exstincturum.

0 1243 2 1245 ‚
58 1201 258 1244 postremo
296 1207 338 1232 se
376 1194 552 1243 collegae
596 1193 767 1231 honores
813 1192 1068 1243 praemiaque
1112 1205 1393 1232 concessurum
1418 1206 1455 1237 14

0 1271 7 1310 ,Α
57 1258 297 1298 uerecundia
315 1257 455 1297 aetatis
475 1257 560 1297 eius
581 1257 875 1309 maiestatisque
890 1272 900 1306 5
930 1271 1021 1296 cum
1047 1257 1279 1309 periculum,
1301 1270 1393 1296 cum

0 1315 6 1380 ζ
57 1323 259 1363 dimicatio
296 1323 499 1375 proposita
531 1323 592 1372 sit,
627 1337 759 1374 neque
793 1325 935 1363 cedere
974 1337 1044 1363 sua
1083 1331 1225 1375 sponte
1262 1337 1394 1374 neque

0 1388 10 1445 ξ»
57 1389 297 1429 cessurum.'
327 1396 366 1428 et
394 1388 426 1427 si
458 1387 556 1427 nihil
583 1388 692 1427 aliud
721 1402 769 1428 ex
797 1402 847 1428 eo
876 1388 1093 1428 certamine
1121 1388 1263 1437 tulerit,
1294 1388 1392 1429 illud
1417 1401 1453 1434 15

56 1462 160 1495 certe
191 1456 361 1494 laturum
397 1462 440 1493 ut
473 1455 583 1505 quod
617 1454 755 1505 populi
795 1454 843 1493 sit
883 1456 1053 1506 populus
1092 1454 1226 1495 iubeat
1260 1454 1391 1506 potius

56 1535 175 1572 quam
221 1528 351 1572 patres
397 1521 676 1571 gratificentur.
742 1521 882 1559 Iouem
929 1520 1127 1571 optimum
1175 1520 1390 1559 maximum
1414 1525 1454 1560 16

55 1587 233 1638 deosque
262 1586 502 1625 immortales
531 1598 574 1624 se
602 1585 763 1636 precari,
787 1594 828 1624 ut
859 1584 913 1624 ita
941 1593 1088 1624 sortem
1118 1599 1287 1636 aequam
1317 1585 1392 1626 sibi

0 1660 5 1669 “
55 1665 146 1691 cum
185 1652 337 1702 collega
370 1652 467 1690 dent
507 1649 537 1689 si
576 1652 745 1690 eandem
787 1651 974 1690 uirtutem
1010 1651 1319 1702 felicitatemque
1352 1652 1392 1691 in

56 1717 161 1757 bello
180 1716 495 1756 administrando
516 1716 643 1756 daturi
665 1716 753 1756 sint.
813 1725 918 1756 certe
939 1725 979 1757 et
998 1717 1040 1757 id
1060 1726 1200 1757 natura
1220 1731 1391 1769 aequum
1415 1730 1453 1766 17

55 1791 93 1823 et
114 1783 295 1834 exemplo
310 1782 407 1822 utile
426 1795 514 1822 esse
533 1790 572 1822 et
592 1784 643 1821 ad
666 1784 810 1821 famam
831 1781 969 1833 populi
992 1782 1164 1822 Romani
1186 1782 1390 1833 pertinere,

0 1895 2 1900 Ι
54 1861 123 1887 eos
149 1850 333 1888 consules
359 1862 445 1888 esse
465 1863 635 1901 quorum
664 1848 851 1888 utrolibet
877 1849 981 1888 duce
1007 1848 1157 1888 bellum
1181 1850 1391 1888 Etruscum

3 1957 16 1959 ,⁷
54 1914 132 1966 geri
163 1922 268 1954 recte
296 1915 431 1967 possit.
546 1915 692 1955 Fabius
723 1915 820 1954 nihil
850 1914 958 1954 aliud
989 1922 1170 1966 precatus
1200 1916 1392 1966 populum
1416 1921 1452 1952 18

56 1981 284 2020 Romanum
307 1994 425 2032 quam
447 1988 502 2030 ut,
524 1980 755 2032 priusquam
784 1979 889 2019 intro
918 1987 1156 2020 uocarentur
1181 1981 1233 2020 ad
1261 1981 1394 2020 suffra-

54 2045 160 2097 gium
187 2045 324 2094 tribus,
345 2048 422 2097 Ap.
447 2045 590 2087 Claudi
612 2045 800 2097 praetoris
824 2047 960 2085 allatas
989 2059 1036 2085 ex
1065 2045 1220 2085 Etruria
1246 2045 1392 2085 litteras

54 2111 247 2158 audirent,
269 2111 433 2151 comitio
454 2111 561 2151 abiit.
622 2113 708 2150 Nec
731 2110 882 2150 minore
903 2109 1039 2162 populi
1061 2123 1259 2150 consensu
1271 2124 1392 2161 quam

9 2184 11 2186 ’
54 2185 212 2216 senatus
233 2176 438 2228 prouincia
459 2176 616 2216 Etruria
635 2184 742 2216 extra
762 2184 910 2216 sortem
934 2175 1059 2215 Fabio
1080 2177 1239 2216 decreta
1258 2183 1330 2216 est.

102 2291 140 2311 12
166 2290 240 2312 cum
266 2279 299 2311 id
324 2279 409 2321 UpA
430 2291 437 2312 ε
461 2281 512 2312 cui
536 2281 568 2312 id
587 2279 835 2311 MPFTDLA²
994 2289 1031 2318 14
1055 2288 1133 2310 cum
1151 2278 1322 2311 dimicatio
1337 2278 1387 2311 ed.

11 2337 19 2364 ι,
55 2323 157 2374 Rom.
179 2325 286 2363 1469:
309 2329 379 2356 tum
397 2324 568 2356 dimicatio
586 2323 697 2355 MA2:
721 2322 889 2354 dimicatio
903 2321 1174 2375 PFUpTDULA„
1227 2366 1233 2372 ·
1293 2333 1330 2363 17
1355 2327 1390 2354 et

53 2366 367 2451 ssffisssfl'ffl
396 2368 449 2443 (ἔξ
457 2367 934 2453 εἰεὲζιέρῖἷῑῦἱὲἱᾰῗᾷαὲἒ
945 2366 1210 2450 όὲῦἒχέἑὲιὲιέ,
1226 2366 1391 2450 ’3κὲἑὲἳέ

22 2469 30 2494 ,ς
54 2453 114 2486 M:
144 2460 177 2487 et
200 2465 243 2486 cx
266 2455 299 2486 A
479 2455 562 2487 duce
587 2454 758 2487 MTDLA
777 2466 784 2486 z
808 2465 873 2486 om.
897 2452 1015 2494 PFUp
1193 2454 1232 2485 18
1254 2453 1389 2485 comitio
