1722 2748
434 157 505 193 AB
536 156 686 192 VRBE
718 155 978 194 CONDITA
1216 155 1298 191 VII
1323 163 1378 200 39
1401 165 1418 200 7
1439 198 1442 200 ¹

99 267 254 307 Cohors
281 279 370 313 una,
393 279 484 303 cum
509 266 616 304 haud
639 266 777 315 procul
798 266 958 302 Anxure
983 270 1097 311 esset,
1118 264 1171 302 ad
1193 264 1380 301 Lautulas
1403 267 1420 302 7

45 332 145 371 saltu
164 338 334 382 angusto
354 329 455 369 inter
474 343 581 370 mare
601 344 647 369 ac
669 337 824 369 montes
845 328 1027 369 consedit
1046 330 1098 368 ad
1125 327 1380 378 excipiendos

46 409 146 448 quos
178 396 319 435 consul
356 395 442 434 aliis
479 403 599 446 atque
632 395 729 443 aliis,
765 403 808 434 ut
841 402 932 434 ante
963 394 1115 434 dictum
1147 401 1217 442 est,
1253 392 1382 432 causis

47 462 237 502 mittebat.
298 463 383 501 Iam
414 461 545 500 ualida
577 462 794 501 admodum
826 474 992 500 numero
1021 474 1162 499 manus
1195 467 1277 499 erat
1308 472 1382 499 nec
1402 466 1422 497 8

46 527 260 579 quicquam
286 528 338 566 ad
363 526 453 566 iusti
481 526 673 566 exercitus
699 528 865 566 formam
894 534 1046 578 praeter
1069 527 1214 566 ducem
1235 526 1382 565 deerat.

48 592 307 645 Incompositi
324 592 456 643 itaque
472 594 706 644 praedantes
722 592 762 630 in
778 605 913 642 agrum
930 592 1131 631 Albanum
1146 591 1383 642 perueniunt

46 665 85 698 et
114 658 189 698 sub
217 659 310 709 iugo
339 658 467 697 Albae
498 659 659 709 Longae
688 666 813 696 castra
839 659 945 696 uallo
969 657 1142 708 cingunt.
1203 656 1384 695 Perfecto
1403 666 1423 699 9

47 724 140 765 inde
159 738 279 776 opere
303 724 498 776 reliquum
523 723 601 763 diei
626 725 677 764 de
701 723 937 776 imperatore
957 725 1154 763 sumendo
1178 721 1383 763 sententiis

48 792 261 839 decertant,
285 790 382 829 nulli
401 803 449 830 ex
469 790 743 841 praesentibus
765 790 857 829 satis
879 791 1071 829 fidentes:
1101 803 1221 840 quem
1248 796 1382 827 autem
1406 802 1446 823 10

47 856 99 895 ab
115 857 248 895 Roma
267 868 383 906 posse
399 854 547 895 exciri?
575 869 696 906 quem
716 863 870 906 patrum
890 862 957 894 aut
974 854 1101 906 plebis
1121 867 1207 894 esse
1227 853 1295 905 qui
1315 861 1383 893 aut

0 923 6 954 ῑῑ
48 934 90 960 se
109 928 220 960 tanto
240 921 415 972 periculo
435 920 564 960 sciens
585 922 720 959 offerat
741 928 808 959 aut
829 921 892 960 cui
914 934 960 959 ex
987 919 1129 959 iniuria
1152 918 1382 959 insanientis

1 1025 9 1038 ἶ
48 986 238 1026 exercitus
257 999 376 1025 causa
395 994 501 1025 recte
520 986 818 1025 committatur?
876 988 1039 1025 Postero
1053 985 1118 1025 die
1134 999 1225 1025 cum
1242 986 1380 1025 eadem
1406 996 1439 1017 11

48 1051 281 1091 deliberatio
301 1059 463 1099 teneret,
486 1066 535 1091 ex
555 1051 853 1102 praedatoribus
881 1051 990 1103 uagis
1017 1051 1180 1102 quidam
1208 1064 1381 1102 comper·
1402 1063 1405 1066 ·

50 1125 132 1156 tum
161 1118 375 1156 attulerunt
404 1118 452 1155 T.
483 1117 717 1167 Quinctium
748 1116 788 1155 in
817 1119 1047 1156 Tusculano
1075 1130 1211 1168 agrum
1241 1117 1381 1163 colere,

49 1182 156 1221 urbis
190 1183 468 1233 honorumque
503 1181 790 1222 immemorem.
849 1183 1039 1222 Patriciae
1074 1183 1136 1221 hic
1170 1181 1227 1220 uir
1257 1181 1383 1233 gentis
1406 1198 1442 1220 12

49 1255 130 1287 erat
146 1262 158 1296 3
186 1247 249 1286 cui
278 1261 370 1286 cum
399 1247 562 1287 militiae
589 1262 734 1299 magna
757 1262 848 1287 cum
875 1247 998 1299 gloria
1025 1256 1136 1287 actae
1165 1248 1286 1287 finem
1314 1260 1383 1298 pes

49 1315 144 1353 alter
174 1327 225 1353 ex
252 1315 415 1353 uolnere
445 1315 611 1353 claudus
643 1314 809 1362 fecisset,
846 1313 922 1353 ruri
951 1327 1067 1366 agere
1095 1313 1218 1353 uitam
1248 1314 1384 1365 procul

50 1378 267 1419 ambitione
303 1393 350 1418 ac
388 1381 473 1419 foro
511 1379 724 1419 constituit.
800 1379 973 1419 Nomine
1011 1379 1148 1419 audito
1186 1381 1385 1431 extemplo
1407 1392 1444 1423 13

50 1459 247 1496 agnouere
281 1445 408 1484 uirum
443 1453 494 1493 et,
531 1446 641 1497 quod
673 1445 779 1485 bene
812 1454 991 1494 uerteret,
1027 1444 1143 1485 acciri
1176 1444 1382 1485 iusserunt.

22 1511 130 1551 .Sed
164 1524 300 1562 parum
336 1510 418 1561 spei
447 1518 530 1550 erat
559 1512 764 1550 uoluntate
797 1512 1012 1562 quicquam
1047 1512 1266 1560 facturum3
1304 1510 1384 1550 uim

52 1575 229 1615 adhiberi
268 1589 314 1615 ac
349 1584 499 1615 metum
534 1578 691 1627 placuit.
754 1578 894 1626 Itaque
933 1575 1089 1616 silentio
1128 1575 1255 1616 noctis
1293 1589 1383 1615 cum
1410 1588 1447 1615 14

54 1650 200 1681 tectum
222 1641 338 1681 uillae
358 1642 425 1692 qui
445 1643 497 1682 ad
519 1642 557 1682 id
579 1642 686 1681 missi
704 1650 814 1682 erant
829 1643 1051 1691 intrassent,
1069 1656 1211 1682 somno
1225 1655 1385 1693 grauem

55 1707 289 1757 Quinctium
319 1720 564 1758 oppressum,
598 1707 695 1745 nihil
726 1707 900 1746 medium
926 1716 999 1746 aut
1028 1707 1237 1758 imperium
1267 1714 1387 1758 atque

55 1775 246 1812 honorem
259 1781 326 1812 aut
339 1774 403 1812 ubi
418 1774 607 1813 restitaret
622 1780 786 1812 mortem
801 1772 841 1812 ni
854 1781 1083 1824 sequeretur
1095 1774 1385 1821 denuntiantes,

0 1886 2 1899 ἱ
56 1838 94 1877 in
140 1847 267 1878 castra
307 1847 587 1890 pertraxerunt.
663 1841 883 1890 Imperator
928 1840 1127 1891 extemplo
1170 1840 1389 1878 adueniens
1412 1855 1451 1886 ¹5

0 1917 2 1923 ·
55 1904 283 1955 appellatus,
307 1903 553 1956 insigniaque
572 1904 734 1944 honoris
753 1904 936 1944 exterrito
951 1905 1105 1945 subitae
1125 1904 1178 1944 rei
1201 1904 1389 1944 miraculo

0 1977 2 1980 '
57 1970 238 2009 deferunt
276 1978 315 2008 et
354 1971 404 2009 ad
443 1970 583 2010 urbem
621 1971 767 2010 ducere
806 1969 955 2009 iubent.
1013 1971 1096 2010 Suo
1135 1969 1257 2021 magis
1295 1969 1388 2008 inde
1412 1972 1448 2002 16

59 2037 206 2087 impetu
227 2050 346 2087 quam
367 2035 534 2076 consilio
554 2036 667 2076 ducis
689 2035 888 2076 conuolsis
916 2035 1035 2086 signis
1063 2035 1205 2075 infesto
1233 2034 1390 2086 agmine

57 2101 108 2140 ad
128 2100 299 2151 lapidem
322 2110 507 2140 octauum
530 2101 630 2150 uiae,
648 2115 750 2152 quae
770 2115 876 2140 nunc
895 2101 1024 2152 Appia
1043 2108 1112 2147 est,
1132 2101 1392 2151 perueniunt3

105 2214 122 2243 7
148 2204 290 2236 Anxure
314 2205 362 2236 ed.
384 2205 478 2238 Frob.
501 2215 595 2245 1531:
619 2215 729 2236 anxur
750 2205 824 2236 dett.
847 2205 920 2244 aliq.
939 2215 946 2235 ε
971 2215 1081 2244 anxyr
1105 2202 1398 2244 M.⁹PF[Jp0HT

61 2247 161 2278 DLA
182 2249 255 2285 (scd
263 2253 374 2288 anxyr
385 2249 424 2283 F.
437 2250 510 2279 etin
523 2249 563 2279 M
577 2250 659 2279 inter
671 2259 693 2279 x
705 2251 762 2278 etr
775 2248 913 2279 tumltu.
928 2258 1021 2278 emsa
1031 2250 1091 2286 est)
1217 2257 1253 2286 14
1272 2257 1392 2278 somno

61 2302 199 2331 grauem
227 2291 400 2323 MPFOH
406 2292 532 2323 TDLA
549 2303 557 2323 ε
587 2302 706 2323 somno
726 2292 822 2331 graui
846 2291 897 2332 Up
916 2296 946 2322 et
968 2303 1005 2322 ex
1029 2302 1128 2322 causa
1143 2291 1255 2322 scilicet
1280 2291 1391 2322 eadem

62 2346 173 2367 uocem
197 2346 395 2375 oppressum
419 2336 616 2367 secluserunt
629 2335 760 2367 Scheibe
774 2339 804 2367 et
821 2335 923 2366 Hertz
937 2346 947 2371 ,·
970 2338 1046 2366 recle
1065 2339 1175 2365 tamen
1198 2335 1393 2366 sententiam

61 2382 254 2420 exposuerat
268 2378 496 2410 Drakenborch
511 2380 532 2411 i.
545 2390 570 2411 e.
582 2390 611 2420 q.
632 2389 753 2411 somno
773 2389 912 2418 grauem
928 2384 1175 2417 oppresserunt
1193 2382 1227 2409 et
1245 2378 1296 2419 (cs.
1315 2389 1391 2409 cum

64 2422 219 2453 Conwaio
240 2433 267 2454 1.
288 2433 336 2461 14.
355 2433 372 2461 7
390 2422 486 2464 adn.)
606 2423 637 2453 ni
655 2427 859 2463 sequeretur
874 2421 1242 2462 MPFUpOHTDLA‚
1261 2421 1396 2452 secludit

63 2465 252 2506 Doumtms,
262 2466 397 2506 frustra
