1722 2748
494 155 565 191 AB
591 154 744 191 VRBE
774 154 1036 192 CONDITA
1297 153 1355 190 IX
1377 152 1428 198 38
1453 157 1493 189 16

23 265 43 295 <s
93 275 180 302 eam
211 261 358 300 curiam
385 263 487 301 facit.
548 261 728 302 Dictator
758 270 917 314 postero
945 265 1010 302 die
1039 262 1224 314 auspiciis
1253 261 1429 314 repetitis
1447 271 1506 309 39

37 326 39 328 ’
93 328 251 380 pertulit
281 330 408 379 legem
424 343 434 376 ς
473 337 512 367 et
543 330 743 379 profectus
777 343 869 368 cum
904 329 1125 380 legionibus
1156 330 1207 369 ad
1241 327 1430 368 terrorem

94 394 261 434 traducti
282 395 422 433 siluam
437 393 651 435 Ciminiam
667 394 860 434 exercitus
879 409 1006 446 nuper
1026 395 1179 446 scriptis
1198 397 1251 435 ad
1273 397 1430 447 Longu-

23 456 37 484 -’
92 461 170 499 lam
192 461 373 511 peruenit
391 459 645 511 acceptisque
665 474 688 499 a
710 460 863 501 Marcio
890 463 1054 501 consule
1080 461 1279 501 ueteribus
1300 461 1429 501 militi·
1450 475 1466 496 2

94 526 167 565 bus
201 525 242 565 in
273 525 397 565 aciem
432 527 567 576 copias
599 525 744 564 eduxit.
809 527 896 565 Nec
935 527 1070 566 hostes
1103 528 1321 566 detractare
1354 526 1427 566 uisi

93 604 278 642 pugnam.
339 592 558 630 Instructos
593 590 739 630 deinde
773 599 1037 643 armatosque,
1071 606 1163 631 cum
1197 593 1249 631 ab
1278 594 1449 643 neutris·

13 654 44 720 xf
93 656 285 707 proelium
316 656 515 707 inciperet,
538 670 617 696 nox
646 657 852 708 oppressit.
912 657 1049 708 Quieti
1077 657 1321 708 aliquamdiu
1352 672 1427 697 nec
1447 667 1466 698 3

93 721 173 760 suis
202 721 427 762 diffidentes
457 722 607 762 uiribus
637 736 711 762 nec
745 724 902 763 hostem
937 730 1181 774 spernentes,
1210 725 1353 763 statiua
1385 723 1425 763 in

14 765 44 838 l?
93 787 318 839 propinquo
337 788 522 827 habuere.

50 843 51 846 Ἴ
149 857 266 893 tnam
291 861 330 893 et
354 867 446 893 cum
466 855 708 893 Vmbrorum
739 853 910 893 exercitu
936 854 1020 894 acie
1044 855 1315 906 depugnatum
1344 862 1404 894 est
1417 869 1429 904 ;
1446 870 1468 902 4

94 919 167 957 susi
197 926 330 958 tamen
359 918 483 969 magis
513 932 633 969 quam
663 919 767 959 caesi
797 921 942 968 hostes,
965 921 1058 971 quia
1083 928 1266 972 coeptam
1289 919 1430 960 acriter

95 998 175 1024 non
205 986 419 1024 tolerarunt
447 998 647 1036 pugnam3
681 993 719 1025 et
748 987 799 1025 ad
827 986 1063 1026 Vadimonis
1094 988 1250 1028 lacum†
1272 987 1426 1026 Etrusci
1445 1002 1466 1035 5

31 1115 49 1127 ᾖ,
140 1095 190 1129 39
218 1099 238 1118 2
267 1089 455 1120 detractare
485 1088 715 1120 MPFOTDL
731 1100 738 1120 ε
770 1090 962 1120 detrectare
988 1090 1022 1120 A
1054 1090 1137 1128 (md.
1169 1101 1198 1122 2.
1225 1101 1277 1130 43.
1302 1100 1321 1129 3
1350 1090 1427 1122 adn.

2 1159 5 1164 .
28 1144 50 1177 ᾗ
96 1136 126 1163 et
139 1132 178 1173 cf.
194 1144 217 1163 c.
236 1142 288 1171 37.
307 1134 342 1172 3]
509 1143 528 1172 4
555 1135 655 1169 †nam
675 1156 682 1163 .
704 1156 711 1163 .
732 1158 739 1165 .
760 1132 893 1171 lacum†
915 1134 1005 1174 quia,
1024 1137 1064 1165 ut
1080 1135 1211 1165 monuit
1233 1134 1426 1175 Glareanus,

0 1190 2 1192 v
28 1176 52 1214 v{52
98 1176 288 1207 ‚carratiom'
303 1177 481 1216 posteriori
503 1178 542 1216 (c.
561 1186 612 1215 41.
631 1177 665 1214 8)
685 1177 887 1208 contrarium
904 1181 959 1216 cst,
979 1178 1137 1209 secludere
1152 1182 1190 1210 ul
1200 1178 1371 1218 glossema
1386 1178 1435 1210 ad

31 1216 51 1243 Ὗ
97 1219 153 1251 ille
178 1220 321 1260 primum
344 1230 416 1260 sqq.
444 1222 476 1258 (ξ
506 1220 560 1258 11)
585 1220 654 1251 uolt
674 1219 852 1252 Anderson
876 1221 958 1258 (uid.
982 1221 1161 1262 Appendix
1182 1222 1242 1253 III
1256 1221 1303 1254 ed.
1329 1223 1431 1254 huius

1 1270 3 1272 '
98 1263 184 1301 libri,
212 1263 348 1295 cantab.
372 1265 467 1304 1909)
491 1264 547 1294 uel
567 1268 606 1295 ut
627 1263 894 1295 additamentum
910 1265 994 1296 Lini
1009 1265 1112 1306 ipsius
1122 1270 1199 1306 post
1215 1276 1300 1307 opes
1320 1267 1351 1306 (§
1374 1267 1429 1307 11)

94 1311 222 1348 ponere.
269 1307 360 1338 Huic
383 1308 562 1338 monitioni
583 1308 724 1348 optimae
750 1309 856 1339 multa
873 1308 992 1348 fauere
1008 1309 1191 1349 fatendum
1217 1314 1265 1341 est
1272 1321 1285 1347 ;
1314 1310 1431 1351 quippe

97 1351 181 1382 inter
201 1351 350 1383 habuere
374 1355 404 1382 et
425 1362 502 1382 nam
526 1351 604 1382 add.
633 1356 667 1383 et
691 1361 790 1383 rurae
815 1352 870 1383 nel
889 1352 996 1383 simile
1018 1352 1102 1392 quid
1121 1353 1163 1384 M
1176 1354 1318 1393 (etrurie
1341 1353 1426 1395 ΜΒ),

25 1391 54 1426 f
99 1395 229 1427 interea
255 1405 310 1427 res
334 1397 369 1428 in
393 1395 520 1427 etruria
543 1400 642 1436 geste
669 1395 718 1426 A*
728 1406 743 1434 ;
776 1395 862 1427 idem
890 1396 1158 1428 additamentum
1180 1401 1258 1438 post
1281 1408 1429 1438 pugnam

48 1439 51 1457 ³
94 1438 304 1480 praebentP²
316 1440 371 1471 uel
381 1439 436 1480 ΡΒ,
457 1439 492 1470 in
507 1450 613 1481 marg.
630 1439 680 1471 F?
697 1439 771 1479 (sed
785 1443 823 1470 ut
836 1440 968 1471 uidetur
979 1451 1055 1472 cum
1078 1441 1218 1482 interes)
1239 1441 1291 1483 Up
1307 1441 1381 1483 (sed
1394 1446 1429 1473 et

42 1494 45 1497 *
94 1487 172 1524 post
194 1494 249 1515 res
272 1483 411 1523 addens]
423 1495 435 1521 ,·
459 1483 537 1515 add.
557 1487 635 1524 post
657 1493 804 1523 pugnam
829 1483 863 1514 in
887 1494 953 1516 ras.
979 1484 1115 1515 interim
1139 1485 1181 1515 ab
1205 1484 1293 1516 sabio
1317 1488 1375 1517 eos
1396 1485 1430 1516 in

99 1528 225 1559 etruria
242 1538 296 1559 res
313 1527 457 1559 feliciter
472 1532 568 1562 ueste
581 1528 623 1558 ad
643 1526 833 1559 uadimonis
851 1527 959 1558 lacum
977 1527 1031 1559 ΓΒ.
1070 1528 1166 1559 Nihil
1180 1532 1290 1560 autem
1306 1533 1366 1560 aut
1381 1529 1432 1560 ln'c

99 1575 161 1603 aut
176 1571 240 1603 illic
253 1571 384 1603 addunt
397 1571 463 1603 Po
471 1570 612 1608 TDLA,
632 1571 690 1602 sed
706 1570 791 1602 Nam
809 1582 885 1602 cum
904 1571 1038 1612 capitali
1053 1572 1156 1603 littera
1171 1572 1316 1617 scribunt
1333 1571 1400 1604 OT
1396 1572 1432 1603 D

51 1639 53 1643 .
99 1613 166 1646 LA
184 1615 236 1656 (cf.
254 1626 280 1647 1.
297 1627 349 1656 49.
368 1626 385 1656 7
397 1615 527 1657 adnot.)
531 1626 544 1653 ;
566 1619 733 1656 praeterea
743 1614 776 1645 in
791 1614 833 1645 M
841 1619 917 1656 post
929 1615 1060 1646 Etrusci
1073 1616 1107 1656 (ξ
1121 1616 1156 1655 5)
1173 1620 1272 1647 uacat
1282 1616 1430 1657 spatium

40 1664 45 1667 ⁷
99 1658 159 1691 litt.
181 1658 283 1691 unius
303 1663 332 1690 et
351 1660 386 1691 in
409 1659 444 1690 D
464 1663 539 1691 ante
559 1669 670 1690 uocem
694 1658 825 1690 Etrusci
848 1659 984 1699 signum
1009 1659 1146 1700 aliquod
1163 1670 1297 1691 erasum
1316 1663 1363 1691 est
1376 1660 1428 1701 (cf

58 1734 60 1736 ,
101 1713 131 1735 2.
146 1713 198 1743 43.
213 1713 252 1743 5;
273 1715 298 1735 1.
319 1714 370 1744 43.
389 1714 424 1734 11
440 1703 581 1743 adnot).
630 1703 672 1734 In
688 1713 807 1734 uocum
823 1703 1027 1734 seclusarum
1043 1703 1151 1734 locum
1168 1708 1202 1734 et
1217 1704 1348 1735 scm'bere
1363 1704 1433 1736 uolt

99 1745 278 1778 Anderson
288 1759 300 1785 ;
325 1747 443 1779 melius
459 1750 568 1779 tamen
586 1747 716 1778 interea
735 1746 789 1776 uel
802 1746 911 1777 simile
932 1746 1014 1786 quid
1030 1757 1070 1777 ex
1090 1747 1154 1778 illis
1172 1747 1317 1779 codicum
1336 1748 1430 1779 uesti-

94 1789 164 1832 giis
181 1791 376 1829 retineatur;
398 1790 492 1832 quod
502 1791 535 1822 si
547 1790 711 1831 concedas,
731 1790 783 1821 hic
796 1790 887 1821 locus
902 1791 968 1831 ipse
982 1791 1064 1821 satis
1082 1801 1188 1822 sanus
1204 1791 1311 1823 uideri
1315 1793 1428 1832 possit.

59 1854 62 1859 -
99 1833 170 1866 Sed
192 1835 291 1867 etiam
313 1835 362 1867 sic
386 1839 496 1866 tamen
527 1838 650 1866 restant
674 1834 840 1874 dffa'lt'a,·
865 1834 1019 1874 primum
1047 1834 1138 1874 quod
1160 1835 1253 1866 nobis
1278 1835 1430 1867 nondum

50 1900 63 1905 η.
100 1878 197 1909 elucet
210 1879 378 1920 quomodo
394 1879 472 1910 haec
485 1890 524 1910 ex
541 1882 556 1917 ξ
574 1890 594 1919 4
611 1880 703 1918 (nam
721 1902 729 1910 .
749 1902 757 1910 .
778 1902 786 1909 .
805 1877 929 1918 lacum)
948 1888 1024 1908 cum
1037 1878 1082 1909 eis
1097 1889 1181 1919 quae
1197 1878 1230 1909 in
1250 1882 1266 1917 §
1288 1889 1322 1910 11
1340 1879 1430 1920 infra

47 1919 50 1923 ’
102 1926 239 1954 narrata
254 1927 337 1955 sunt
351 1922 632 1954 accommodanda
650 1924 721 1953 sint
730 1933 743 1960 ;
767 1921 882 1952 deinde
902 1921 993 1962 quod
1011 1931 1103 1953 uoces
1119 1922 1182 1953 susi
1199 1946 1207 1954 .
1228 1946 1235 1954 .
1255 1946 1261 1953 .
1279 1933 1428 1963 pugnam

40 1960 41 1965 ¹
65 1995 68 2006 ἲ
101 1963 241 1998 Liuium
258 1966 353 2008 longe
370 1967 482 2008 potius
501 1977 606 2007 quam
621 1966 891 2008 glossematorem
909 1965 1046 2006 sapiunt
1064 1970 1094 1996 et
1110 1966 1198 2007 ipsae
1212 1977 1232 1997 a
1246 1966 1429 2010 glossema-

65 2020 68 2021 ’
101 2009 180 2041 toris
194 2011 360 2052 proposito
371 2015 512 2052 prorsus
521 2011 646 2042 alienae
657 2014 760 2048 sunt;
785 2013 907 2050 tamen,
921 2013 958 2040 ut
971 2009 1195 2050 confitendum
1208 2014 1264 2050 est,
1275 2013 1430 2041 euentum

0 2067 1 2071 ¹
60 2080 61 2084 ,
96 2053 214 2094 proelii
226 2054 261 2085 in
278 2065 300 2086 c.
318 2065 369 2094 41.
390 2065 430 2094 19
446 2054 562 2095 depicti
574 2054 712 2086 breuiter
726 2057 978 2094 repraesentant.
1023 2051 1134 2084 Vnum
1152 2057 1284 2084 tantum
1301 2053 1334 2084 A
1339 2054 1432 2085 nder-

0 2096 3 2115 ²
51 2123 55 2129 ,
99 2097 217 2129 senius
246 2102 367 2130 certum
386 2098 503 2139 fecisse
534 2098 626 2129 nobis
653 2097 795 2133 uidetur,
825 2096 1025 2128 Vmbrorum
1053 2100 1082 2128 et
1112 2096 1309 2128 Vadimonis
1342 2098 1431 2129 lacus

51 2158 71 2173 ff
102 2141 302 2173 mentionem
323 2142 382 2172 hoc
398 2141 432 2172 in
456 2142 522 2173 loco
541 2142 641 2173 nihili
656 2152 722 2172 esse
733 2153 745 2179 ,·
766 2140 934 2182 probabile
951 2141 1049 2172 etiam
1075 2140 1210 2172 uidetur
1228 2151 1318 2172 uoces
1339 2146 1372 2172 et
1388 2142 1430 2172 ad

0 2183 5 2191 ’
99 2182 298 2217 Vadimonis
323 2185 431 2216 laeum
443 2190 506 2226 pro
522 2185 735 2216 adnotatione
750 2184 798 2216 ad
812 2184 868 2215 ille
886 2183 1026 2224 primum
1046 2184 1120 2215 dies
1144 2185 1177 2222 (5
1197 2185 1249 2223 11)
1266 2184 1433 2216 habendas

99 2236 174 2260 esse.
220 2228 379 2260 Hertzius
399 2238 486 2270 uero,
513 2239 610 2270 quem
632 2229 701 2260 iam
719 2232 909 2268 sequuntur
928 2227 1074 2268 plerique
1095 2227 1240 2267 editores,
1267 2238 1432 2270 magnam

101 2270 257 2303 lacunam
271 2277 347 2313 post
365 2272 515 2304 habuere
534 2274 663 2313 statuit,
688 2275 726 2302 ut
746 2272 885 2303 historia
906 2271 1014 2302 Marci
1031 2271 1174 2302 consulis
1193 2281 1270 2302 cum
1291 2271 1430 2304 Samni-

100 2314 188 2346 tibus
211 2315 399 2347 certaminis
413 2316 522 2355 finem
546 2316 692 2357 aliquem
715 2315 842 2356 habeat,
859 2315 1006 2355 fortasse
1029 2318 1108 2345 recte
1119 2325 1132 2352 2·
1156 2314 1216 2346 sed
1235 2315 1335 2347 etiam
1358 2319 1431 2346 tum

0 2361 2 2378 r
58 2372 70 2403 ³.-
99 2357 244 2400 integrae
261 2362 382 2392 restant
397 2359 609 2402 dfflicultates,
629 2370 712 2401 quae
725 2364 827 2401 supra
844 2357 1004 2390 indicatae
1017 2361 1099 2390 sunt
1114 2358 1149 2389 in
1171 2361 1186 2397 ξ
1205 2369 1223 2398 4
1240 2369 1248 2398 ;
1274 2369 1307 2391 u.
1329 2359 1432 2400 plura

56 2407 84 2470 fe}
100 2401 189 2443 insra
