1722 2748
479 158 550 196 AB
582 157 732 195 VRBE
764 156 1027 196 CONDITA
1323 160 1359 196 X
1381 168 1426 196 21
1450 171 1486 203 15

86 275 139 309 se,
161 261 235 301 nisi
263 262 482 301 confideret
509 273 600 300 eum
629 273 825 300 consensu
861 261 998 314 populi
1022 264 1193 302 Romani
1222 264 1426 302 consulem

85 328 327 367 declaratum
348 327 392 366 iri
413 325 483 379 qui
507 327 615 366 haud
642 326 764 367 dubie
792 335 875 366 tum
905 326 1054 379 primus
1084 328 1265 368 omnium
1286 329 1428 368 ductor

85 392 288 441 habeatur,
311 392 545 433 dictatorem
568 392 686 432 fuisse
707 394 908 444 externplo
929 394 1138 433 dicturum.

143 459 305 499 Nemini
325 459 493 499 dubium
519 466 599 498 erat
620 458 716 510 quin
746 458 893 498 Fabius
923 459 1107 510 quintum
1129 458 1308 499 omnium
1336 472 1428 498 con-
1447 470 1500 499 22

86 537 204 564 sensu
243 524 527 572 destinaretur3
574 537 747 574 eumque
790 533 829 564 et
880 525 1173 576 praerogatiuae
1219 533 1256 564 et
1300 525 1428 577 primo

87 598 255 629 uocatae
275 604 414 629 omnes
442 589 641 629 centuriae
669 592 873 628 consulem
905 605 996 629 cum
1022 592 1063 629 L.
1090 591 1305 630 Volumnio
1325 591 1429 631 dice-

88 658 195 696 bant.
245 656 341 695 Fabi
363 656 487 695 oratio
508 656 589 703 fuit,
613 656 739 707 qualis
769 656 933 696 biennio
955 664 1068 704 ante;
1101 658 1260 706 deinde,
1283 665 1325 696 ut
1347 659 1429 696 uin—
1448 669 1463 692 2

86 724 250 763 cebatur
278 735 487 769 consensu,
511 735 623 761 uersa
655 732 856 773 postremo
889 724 941 762 ad
971 724 1173 774 collegam
1192 725 1231 762 P.
1258 723 1427 763 Decium

87 789 360 839 poscendum:
391 787 430 827 id
451 787 644 827 senectuti
673 801 768 826 suae
795 787 1082 839 adminiculum
1112 789 1203 828 fore.
1263 801 1429 828 censura
1450 797 1467 828 3

87 854 326 904 duobusque
347 852 616 892 consulatibus
640 853 756 892 simul
778 855 899 905 gestis
920 861 1123 904 expertum
1155 868 1196 893 se
1221 853 1317 892 nihil
1338 867 1428 892 con-

88 920 195 959 cordi
217 919 385 969 collegio
407 918 555 958 firmius
576 920 627 958 ad
652 932 733 958 rem
749 919 949 970 publicam
971 921 1160 959 tuendam
1183 933 1279 959 esse.
1321 932 1429 959 nouo

89 984 241 1036 imperii
254 983 364 1024 socio
379 985 443 1023 uix
458 984 535 1023 iam
554 986 789 1024 adsuescere
805 984 968 1024 senilem
983 984 1160 1024 animum
1176 998 1293 1036 posse
1308 1000 1316 1033 ;
1336 999 1428 1024 cum

90 1051 264 1090 moribus
286 1051 389 1089 notis
406 1050 556 1089 facilius
575 1065 616 1090 se
638 1050 1024 1090 communicaturum
1044 1051 1219 1091 consilia.
1334 1052 1431 1091 Sub·
1449 1070 1468 1102 4

88 1117 242 1168 scripsit
276 1116 442 1156 orationi
479 1116 563 1156 eius
594 1118 735 1155 consul
780 1130 872 1155 cum
908 1116 1054 1157 meritis
1091 1119 1132 1157 P.
1171 1117 1270 1157 Deci
1309 1117 1430 1157 laudi-

90 1183 175 1231 bus,
207 1190 291 1222 tum
322 1196 436 1234 quae·
460 1196 507 1222 ex
541 1182 756 1221 concordia
789 1184 998 1222 consulum
1034 1183 1141 1222 bona
1173 1196 1355 1235 quaeque
1384 1197 1431 1223 ex

89 1247 288 1288 discordia
319 1249 422 1287 mala
451 1247 490 1287 in
517 1247 858 1287 administratione
886 1262 1015 1288 rerum
1048 1249 1274 1289 militarium
1301 1248 1432 1289 eueni—

89 1322 175 1353 rent
208 1315 480 1360 memorando‚
509 1327 628 1364 quam
662 1327 786 1365 prope
821 1314 1004 1354 ultimum
1043 1314 1256 1355 discrimen
1285 1315 1364 1355 suis
1393 1323 1431 1355 et
1453 1329 1470 1361 5

89 1381 264 1431 collegae
303 1379 585 1419 certaminibus
627 1393 751 1431 nuper
792 1389 956 1419 uentum
1004 1382 1101 1420 foret
1149 1382 1430 1421 admonendo:

138 1499 175 1528 15
201 1489 364 1520 habeatur
380 1487 588 1531 MPFUpT2
607 1490 661 1521 ucl
681 1489 779 1521 T¹A2
796 1502 803 1521 t
829 1490 973 1520 liabetur
993 1487 1157 1519 OTDLA
1329 1488 1431 1520 dicia-

90 1538 198 1564 torem
216 1558 222 1565 .
243 1557 249 1563 .
268 1556 275 1564 .
293 1533 491 1564 uincebatur
512 1535 550 1573 (c.
569 1544 610 1565 22
638 1536 672 1564 2l
690 1545 756 1566 om.
777 1533 899 1573 P<cum
914 1538 1024 1574 paruo
1043 1532 1199 1573 spat1'0)F
1201 1531 1252 1573 Up

135 1583 180 1608 22
201 1586 214 1607 1
243 1576 364 1608 Fabius
378 1577 528 1616 quintum
546 1577 751 1608 MOTDLA
770 1577 823 1618 (ts.
835 1588 859 1609 c.
874 1587 924 1616 14.
941 1587 954 1607 1
971 1580 1001 1607 et
1012 1587 1034 1607 c.
1051 1586 1103 1615 24.
1121 1576 1163 1612 ι).
1179 1587 1234 1606 uec
1245 1576 1345 1618 inepte
1355 1585 1432 1607 cum

91 1620 293 1660 duxconsul
310 1620 319 1654 ζ
325 1631 349 1651 c.
366 1630 417 1652 21.
435 1623 487 1660 15)
508 1621 698 1662 deligendus
714 1626 794 1653 esset
810 1633 817 1652 ε
849 1621 971 1652 Fabius
989 1620 1124 1659 quintus
1145 1618 1196 1650 ΤΥ
1214 1619 1284 1652 dett.
1302 1631 1310 1653 ι
1334 1619 1430 1659 uude,

92 1669 131 1696 ut
143 1665 332 1701 conicimus,
352 1663 394 1703 Q.
417 1664 538 1696 Fabius
555 1665 601 1696 ed.
622 1666 722 1698 Rom.
753 1667 835 1705 1⁴69
853 1664 959 1705 (quod
970 1664 1051 1703 fort.
1069 1664 1175 1695 uoluit
1201 1663 1292 1704 Tx);
1315 1663 1435 1703 siquis

91 1709 133 1748 Q.
148 1708 269 1740 Fabius
285 1707 440 1747 quintum
458 1710 587 1741 scribere
613 1710 717 1745 malit,
735 1710 919 1741 minimum
933 1718 1012 1739 sane
1023 1707 1129 1738 obstat
1139 1717 1152 1746 ;
1167 1718 1250 1738 nam
1263 1711 1339 1749 post
1352 1707 1432 1748 quin

86 1753 180 1791 facile
194 1752 224 1792 Q
239 1752 321 1793 perit
426 1764 533 1794 eumq.
546 1753 577 1784 O
589 1753 662 1794 (sed
674 1754 778 1785 huius
798 1754 919 1784 litterae
938 1763 957 1782 c
975 1751 1131 1792 capitalis,
1152 1752 1233 1782 utin
1249 1751 1311 1784 hac
1322 1751 1436 1783 codia's

90 1800 180 1838 parte
202 1796 361 1834 aliarum,
390 1797 497 1829 media
525 1797 653 1838 lingula
683 1809 747 1828 non
776 1799 937 1840 apparea
970 1795 1018 1826 ed.
1049 1796 1151 1827 Rom⁴
1182 1796 1284 1836 1469:
1324 1805 1432 1836 eumq.

94 1839 264 1871 MTDLA
394 1842 653 1882 praerogatiuae
668 1841 851 1874 MOTNex
868 1848 974 1883 -gant—
999 1838 1151 1878 T3DLA
1166 1850 1173 1870 :
1199 1839 1435 1880 praerogatiua

95 1883 230 1921 Crevier,
244 1887 326 1920 recte,
344 1889 380 1915 nt
389 1885 559 1925 credimus,
577 1887 655 1926 qm'a
671 1885 849 1928 corruptela
864 1887 914 1918 hic
926 1890 1003 1917 ante
1017 1883 1220 1924 particulam
1232 1888 1263 1915 et
1268 1883 1434 1924 facillima

92 1931 161 1958 erat
180 1927 234 1967 (cs.
257 1937 287 1967 5.
314 1930 359 1960 18.
386 1931 440 1968 1);
463 1928 521 1960 sed
540 1929 575 1960 in
599 1941 632 1961 re
654 1930 764 1971 dubia,
791 1935 828 1963 ut
852 1931 1008 1969 solemus,
1039 1927 1264 1959 testimonium
1288 1927 1433 1959 codicum

93 1970 204 2011 quoad
217 1970 347 2011 quidem
363 1977 506 2013 superest
522 1984 587 2004 non
605 1974 821 2007 obscuramus
995 1985 1015 2005 2
1038 1983 1137 2005 uersa
1155 1970 1273 2002 MPF¹
1283 1970 1408 2002 TDLA
1426 1983 1433 2002 :

94 2024 218 2046 uersu*
239 2014 293 2046 O:
318 2026 438 2047 uersus
458 2016 531 2058 Up:
557 2018 649 2048 neria
664 2018 697 2048 F
737 2018 818 2050 Post
834 2019 1071 2051 adminiculum
1093 2018 1108 2048 s
1126 2016 1324 2048 Oxom‘ensts
1340 2015 1436 2046 codex

93 2059 239 2099 optimus
261 2059 345 2090 nihil
366 2060 432 2091 nisi
444 2066 569 2099 puram
587 2061 734 2093 chamum
751 2063 902 2104 praebet:
917 2063 994 2104 sato
1017 2066 1149 2104 urgente
1175 2072 1214 2092 ne
1237 2070 1348 2091 uocem
1364 2061 1434 2100 qm'-

93 2102 166 2133 dem
183 2102 255 2133 sore
268 2103 360 2143 plene
371 2104 496 2145 scripsit
614 2115 634 2144 5
658 2116 756 2146 quam
772 2106 928 2147 MPFUp
936 2106 1062 2138 TDLA
1082 2118 1089 2137 :
1118 2116 1288 2147 quamque
1302 2103 1437 2135 Duker-o

24 2135 34 2171 ⁷·
88 2149 261 2187 praeeunte
282 2146 411 2187 siesbye
450 2157 516 2179 non
548 2149 644 2188 male,
671 2160 883 2191 quamquam
913 2150 1086 2191 Madvigii,
1119 2150 1274 2190 Emend.⁹
1297 2153 1332 2190 p.
1359 2159 1433 2189 230,

94 2189 370 2220 rattbcinationem
396 2191 510 2222 uitiose
529 2192 601 2223 sine
623 2194 737 2233 copula
754 2194 911 2235 coniungi
930 2194 1151 2226 memorando
1174 2199 1203 2226 et
1219 2192 1435 2226 admonendo

93 2232 305 2272 adfirmantis
330 2244 396 2264 non
420 2235 687 2276 comprendimus
702 2248 715 2276 ‚·
746 2238 783 2278 cs.
809 2249 832 2269 e.
839 2249 873 2278 g.
906 2249 934 2269 2.
968 2239 998 2270 6.
1026 2248 1046 2278 3
1080 2240 1164 2269 inter
1197 2242 1338 2270 sescenta
1368 2236 1436 2268 alia

93 2276 244 2316 asyndeti
253 2276 462 2309 aduersatiui
470 2283 523 2320 ap.
542 2279 679 2311 Liuium
696 2281 843 2322 exempla
976 2282 1194 2315 admonendo
1218 2282 1281 2314 PF
1283 2280 1411 2313 TDLA
1429 2292 1436 2311 z

31 2360 34 2367 ι
94 2348 128 2374 et
145 2344 371 2374 ammonendo
393 2343 460 2385 Up:
485 2350 518 2375 et
531 2347 704 2378 monendo
719 2346 807 2377 ΜΑ2
824 2347 882 2381 (sc.
899 2347 1157 2389 dt'ttograpln'am
1171 2332 1212 2402 {g
1230 2350 1321 2381 uarie
1339 2350 1432 2381 inter„

30 2403 43 2446 ²¹¹
92 2409 211 2449 pretata'
224 2411 305 2440 sunt
319 2409 360 2439 M
362 2409 427 2450 Up)

1281 2477 1344 2508 22*
1396 2508 1400 2511 .
