1722 2748
612 128 938 185 PRAEFATIO

70 269 80 280 .
107 244 291 284 mutilum
311 242 452 282 fuisse'
472 255 556 282 non
575 242 687 280 facile
707 247 881 291 apparet.
943 240 1047 279 Cum
1070 247 1202 278 tamen
1226 240 1445 279 Rhenanus

106 309 246 349 dixerit
282 308 456 360 ‘primae
486 306 647 347 decadis
663 307 682 354 ’‚
721 319 857 345 nonne
897 306 1024 344 multo
1064 304 1144 343 ueri
1184 305 1349 344 similius
1387 314 1446 345 est

106 375 226 413 finem
260 372 475 412 uoluminis
502 373 623 411 fuisse
652 372 773 411 finem
804 384 886 409 non
917 369 1006 408 libri
1034 371 1130 409 sexti
1165 371 1236 410 sed
1269 370 1446 410 decimi?

105 439 218 479 cuius
246 437 408 478 decadis
433 438 562 476 nullos
588 437 709 476 libros
741 436 884 488 excipit
911 434 1103 475 Gelenius
1133 436 1204 474 sed
1234 436 1351 486 plane
1378 436 1442 474 ad-

106 505 235 543 firmat
248 505 452 554 geminum
466 503 690 552 exemplum
706 502 893 540 habuisse
906 492 1150 540 Rhenanum
1166 514 1178 548 3
1196 513 1270 539 nec
1283 513 1446 540 necesse

106 574 165 608 est
186 575 327 620 putare
349 581 443 607 cum
465 566 592 606 ‘idem
609 567 736 605 scelus
749 566 759 583 '
777 565 940 605 dixisset
959 564 1136 605 indicare
1152 565 1325 604 uoluisse
1339 566 1447 604 uolu—

105 646 199 673 men
227 633 388 673 duobus
413 631 660 671 ternionibus
679 637 724 670 ut
742 629 784 670 in
803 630 916 670 initio
936 631 993 669 sic
1013 629 1053 669 in
1071 631 1150 670 fine
1169 643 1302 669 carere
1314 644 1326 680 3
1355 631 1446 670 licet

105 706 246 751 putare
266 699 509 738 Rhenanum
529 695 676 736 uidisse
696 696 819 735 modo
841 695 993 746 aliquid
1013 695 1054 734 in
1080 696 1160 735 fine
1187 695 1349 747 periisse
1374 697 1445 735 sed

106 777 189 803 non
216 764 268 804 ad
295 762 485 803 amussim
511 761 808 813 praescripsisse
831 769 1026 812 quantum
1050 761 1241 812 periisset.
1302 763 1446 814 Neque

106 842 204 869 uero
229 827 373 867 mirum
399 834 460 867 est
484 825 518 866 si
543 826 642 866 nihil
664 834 755 878 post
778 839 811 866 c.
843 828 891 865 26
920 825 1005 878 (uel
1024 838 1056 866 c.
1090 827 1160 879 31)
1185 826 1322 867 citauit
1339 843 1350 877 3
1380 827 1446 867 uix

106 894 214 935 enirn
234 894 444 946 quisquam
466 892 507 932 in
522 892 584 933 his
599 892 794 944 capitibus
809 892 1090 931 adnotationes
1109 892 1354 944 exspectabit
1369 893 1445 932 nisi

106 963 270 1001 fortasse
289 961 340 1000 ad
361 974 393 1000 c.
424 970 487 1011 37.
515 961 538 998 8
566 958 634 999 ubi
661 959 884 999 Rhenanus
908 958 1010 998 duas
1031 957 1225 999 lectiones
1250 973 1376 999 nouas
1403 959 1444 999 in

107 1034 258 1068 textum
279 1025 401 1066 duxit.
444 1026 575 1064 Etiam
596 1023 629 1064 si
649 1024 746 1075 quid
761 1024 953 1063 uoluisset
968 1022 1098 1072 citare,
1117 1038 1186 1063 cur
1206 1038 1300 1074 non,
1321 1027 1444 1066 altero

106 1093 328 1141 deficiente,
355 1093 480 1131 altero
503 1090 643 1130 codice
670 1104 764 1130 usus
793 1090 929 1130 esset?
961 1103 1015 1129 an
1043 1089 1136 1130 huic
1164 1104 1328 1143 quoque
1355 1093 1444 1130 finis

106 1159 208 1199 libro
237 1157 391 1198 defuit?
439 1156 560 1207 Sequi
586 1156 743 1196 uidetur
771 1164 838 1195 aut
867 1154 979 1204 nihil,
1008 1162 1053 1196 ut
1081 1156 1313 1208 saepissime
1337 1157 1443 1206 alibi,

107 1223 216 1276 quod
245 1221 366 1262 citare
399 1221 570 1261 uoluerit
600 1221 786 1260 habuisse
813 1228 883 1260 aut
910 1234 1006 1261 casu
1035 1220 1256 1274 nescioquo
1282 1224 1446 1262 adnota-

107 1287 235 1328 tiones
263 1301 343 1327 non
375 1286 505 1325 finitas
534 1285 748 1337 reliquisse.

161 1352 371 1392 Difficilius
384 1352 480 1390 mihi
490 1351 647 1399 uidetur
658 1350 1267 1404 praetermittere—quamquam
1281 1361 1445 1405 praeter-

107 1419 227 1459 mittit
262 1416 792 1457 Drakenborchius-—uerba
819 1415 887 1456 illa
915 1417 1002 1467 ipsa
1029 1417 1173 1456 Geleni
1205 1420 1445 1459 ‘eorundem

108 1483 390 1535 exemplarium
430 1496 509 1534 ope
540 1481 626 1534 ipse
658 1482 812 1521 confeci
825 1482 846 1521 ’.
906 1481 1107 1532 Equidem
1147 1483 1326 1523 diuinare
1364 1498 1446 1525 non

107 1563 268 1602 possum
290 1562 360 1587 cur
383 1549 496 1599 plura
524 1547 736 1599 quisquam
765 1547 936 1598 requirat
949 1562 960 1596 3
989 1547 1088 1587 nihil
1107 1547 1267 1588 tertium
1287 1558 1358 1598 est,
1380 1558 1446 1589 aut

108 1615 205 1654 falsa
231 1613 392 1654 dicebat
423 1612 616 1653 Gelenius
642 1621 709 1651 aut
740 1625 844 1651 uera.
903 1613 1023 1652 Certe
1050 1614 1212 1653 credere
1241 1615 1445 1654 maluerim

109 1678 321 1718 Gelenium
359 1691 454 1717 curn
495 1676 690 1716 ‘sinceras
727 1676 941 1716 lectiones’
974 1684 1059 1717 turn
1096 1679 1217 1717 fidem
1253 1680 1444 1719 sinceram

108 1743 347 1794 praebuisse.
408 1743 707 1793 Quodcumque
730 1741 924 1782 iudicium
948 1743 1001 1782 de
1030 1743 1106 1782 hac
1133 1757 1173 1782 re
1201 1745 1348 1783 factum
1377 1745 1447 1784 erit

108 1821 229 1848 nemo
267 1821 350 1847 non
390 1806 720 1846 Drakenborchio
760 1821 870 1847 nunc
907 1807 1131 1848 consentiet
1177 1810 1326 1849 dicenti
1366 1808 1445 1862 (vii,

110 1888 146 1925 p.
172 1872 303 1926 xxxvi)
326 1872 411 1912 ‘his
438 1872 590 1913 auxiliis
620 1872 730 1913 nisos
759 1874 1002 1913 Rhenanum
1030 1881 1070 1913 et
1101 1874 1314 1914 Gelenium
1344 1889 1447 1927 egie-

110 1941 213 1990 giam
235 1939 353 1979 Liuio
373 1953 492 1990 opem
509 1939 644 1979 tulisse
656 1940 677 1979 '.

164 2005 182 2054 ξ
195 2018 220 2052 4
224 2019 260 2055 3.
284 2006 351 2043 De
352 2005 489 2054 forma
504 2006 636 2044 codicis
651 2006 718 2044 uel
728 2006 894 2045 codicum
910 2008 1010 2044 unde
1026 2009 1149 2044 nostri
1159 2009 1334 2056 generati
1344 2013 1444 2047 sunt.

164 2067 225 2122 (a)
255 2070 305 2108 In
333 2070 409 2109 hac
436 2077 548 2120 parte
575 2069 707 2121 operis
732 2071 817 2110 duo
844 2072 933 2110 cola
963 2070 1099 2110 omisit
1133 2072 1223 2110 cod.
1247 2073 1450 2112 Veronen-

110 2134 186 2173 sis:
216 2148 339 2173 unam
357 2133 570 2174 litterarum
593 2135 668 2174 xxii
688 2141 726 2174 et
748 2138 847 2187 ipsos
870 2138 1011 2175 bellum
1032 2137 1225 2175 molientes
1241 2137 1293 2188 (6.
1315 2152 1349 2178 2.
1370 2137 1447 2191 14),

109 2198 132 2238 i.
151 2213 182 2238 e.
212 2199 274 2251 (ut
300 2199 475 2252 uidetur)
496 2214 618 2239 unam
647 2200 804 2250 lineam,
835 2191 999 2241 alteram
1031 2201 1250 2241 litterarum
1281 2202 1371 2250 lxiii,
1403 2216 1450 2242 ex

96 2263 290 2314 ferocibus
306 2294 314 2303 .
331 2295 338 2303 .
359 2294 368 2303 .
382 2267 511 2303 Roma
522 2263 575 2316 (6.
591 2278 628 2312 4.
643 2267 696 2317 5),
714 2266 737 2305 i.
750 2280 783 2306 e.
797 2265 922 2306 lineas
935 2274 1012 2306 tres
1026 2266 1059 2306 si
1073 2266 1290 2318 unicuique
1303 2267 1449 2307 litteras

111 2330 172 2367 xxi
207 2328 379 2375 tribuas;
422 2328 463 2367 in
496 2330 718 2370 Veronensi
752 2330 851 2382 ipso,
886 2339 928 2370 ut
963 2331 1003 2370 in
1038 2332 1283 2383 praefatione
1317 2341 1450 2371 nostra

113 2394 148 2445 (ξ
172 2393 210 2445 7)
241 2393 479 2441 monuimus,
510 2394 640 2434 lineae
668 2408 873 2446 nunquam
904 2395 981 2434 xxii
1011 2396 1227 2436 litterarum
1260 2398 1450 2447 magnitu-

113 2459 246 2497 dinem
269 2459 477 2503 exeedunt‚
505 2458 625 2497 rarius
653 2460 783 2499 minus
808 2459 869 2499 xvi
898 2460 1062 2500 habent.
1122 2463 1226 2512 Ergo
1246 2461 1310 2500 uix
1339 2461 1450 2500 dubi-

760 2537 808 2561 xv
