1722 2748
435 123 438 125 ’
487 134 559 171 AB
591 134 741 171 VRBE
772 133 1031 172 CONDITA
1279 135 1337 171 VI
1360 143 1414 181 29
1441 151 1455 172 2

82 251 222 295 tesque
241 243 407 284 inferam
427 242 548 294 signa.
598 244 759 290 Adeste,
777 243 818 282 di
844 250 965 282 testes
985 243 1166 291 foederis,
1189 250 1228 283 et
1249 244 1419 294 expetite

81 322 232 360 poenas
261 309 419 350 debitas
445 308 563 348 simul
591 307 707 347 uobis
738 308 894 348 uiolatis
922 299 1118 359 nobisque
1142 322 1212 360 per
1243 318 1418 348 uestrum

80 387 231 414 numen
260 373 466 426 deceptis.'
533 375 629 413 Non
655 372 841 424 equitem,
872 387 952 412 non
989 374 1163 422 peditem
1199 374 1419 413 sustinuere

81 441 342 482 Praenestini.
416 440 550 479 Primo
582 441 732 491 impetu
763 453 810 478 ac
844 441 1016 479 clamore
1049 439 1229 491 dissipati
1260 439 1420 479 ordines
1444 454 1461 485 3

81 514 173 546 sunt
191 539 198 547 .
228 505 335 554 dein,
357 513 570 557 postquam
591 505 702 544 nullo
721 506 811 544 loco
834 506 1044 544 constabat
1071 505 1188 554 acies,
1210 513 1318 556 terga
1337 517 1421 544 uer-

80 578 170 611 tunt
189 564 512 622 consternatique
531 577 572 609 et
590 576 743 621 praeter
762 577 888 608 castra
909 571 1027 609 etiam
1048 583 1119 609 sua
1147 583 1293 620 pauore
1313 582 1421 621 prae-

81 635 149 676 lati
168 650 251 676 non
271 635 379 688 prius
400 649 443 674 se
461 635 514 674 ab
534 636 660 674 effuso
679 648 795 673 cursu
816 635 959 674 sistunt
986 649 1106 686 quam
1131 635 1173 675 in
1202 642 1419 686 conspectu

82 703 295 740 Praeneste
328 700 411 739 fuit.
473 699 537 739 Ibi
565 713 614 739 ex
643 700 733 750 fuga
762 699 940 752 dissipati
967 703 1099 739 locum
1128 713 1248 752 quem
1278 701 1419 739 tumul-
1441 717 1461 748 4

79 770 208 809 tuario
235 783 357 821 opere
385 767 678 808 communirent
711 769 884 819 capiunt,
911 782 972 816 ne,
1002 769 1033 808 si
1063 769 1164 808 intra
1190 767 1350 808 moenia
1378 781 1420 806 se

79 835 333 887 recepissent,
352 835 553 885 extemplo
573 840 749 873 ureretur
769 847 859 885 ager
879 835 1212 887 depopulatisque
1232 835 1420 875 omnibus

81 900 240 940 obsidio
261 898 351 940 urbi
376 899 592 940 inferretur.
652 899 731 938 Sed
760 907 971 951 postquam
1002 900 1164 952 direptis
1192 902 1245 940 ad
1274 901 1419 940 Alliam
1443 913 1459 943 5

0 958 15 1016 ἷζ
81 967 217 1008 castris
255 966 385 1006 uictor
423 967 630 1005 Romanus
669 965 814 1012 aderat,
852 965 893 1005 id
931 979 1091 1018 quoque
1125 966 1419 1006 munimentum

81 1033 264 1073 relictum
279 1048 289 1082 3
318 1039 357 1072 et
377 1030 445 1071 uix
463 1029 623 1071 moenia
642 1037 727 1069 tuta
746 1030 817 1070 rati
834 1031 984 1083 oppido
1005 1046 1047 1072 se
1068 1035 1280 1073 Praeneste
1299 1032 1419 1072 inclu-

81 1100 193 1139 dunt.
254 1099 360 1138 Octo
379 1104 581 1149 praeterea
604 1095 752 1147 oppida
779 1106 888 1136 erant
918 1098 994 1137 sub
1023 1099 1181 1139 dicione
1206 1100 1422 1140 Praenesti·
1445 1108 1464 1139 6

14 1186 16 1190 >
81 1179 236 1206 norum.
313 1164 379 1203 Ad
418 1176 466 1202 ea
503 1162 778 1202 circumlatum
820 1163 965 1203 bellum
1006 1164 1275 1216 deincepsque
1314 1167 1420 1205 haud

82 1244 231 1282 magno
276 1229 493 1270 certamine
531 1228 656 1279 captis
695 1227 864 1267 Velitras
906 1230 1099 1270 exercitus
1137 1233 1280 1272 ductus
1295 1247 1306 1282 3
1352 1247 1422 1273 eae

81 1309 244 1348 quoque
263 1302 520 1346 expugnatae.
556 1295 661 1331 Tum
682 1293 735 1332 ad
755 1301 874 1344 caput
896 1293 989 1333 belli
1012 1297 1223 1336 Praeneste
1244 1305 1419 1337 uentum.
1442 1309 1460 1346 7

14 1371 22 1380 ³
83 1364 132 1403 Id
148 1374 235 1402 ‘non
256 1361 296 1401 ui
317 1361 388 1400 sed
409 1373 478 1411 per
498 1357 744 1398 deditionem
773 1367 975 1410 receptum
998 1369 1066 1400 est.
1126 1365 1172 1401 T.
1198 1363 1421 1412 QuinctiuS,
1443 1374 1461 1404 8

18 1468 23 1476 ,
82 1429 204 1468 semel
230 1427 316 1468 acie
345 1426 482 1473 uictor,
506 1424 609 1464 binis
639 1424 775 1464 castris
808 1426 994 1474 hostium,
1029 1442 1174 1468 nouem
1197 1430 1355 1481 oppidis
1385 1430 1422 1469 ui

0 1500 27 1554 L?
80 1494 218 1545 captis,
252 1495 464 1532 Praeneste
499 1492 539 1529 in
574 1490 819 1531 deditionem
853 1499 1020 1544 accepto
1058 1496 1231 1534 Romam
1266 1497 1424 1536 reuertit

80 1560 409 1611 triumphansque
439 1556 833 1608 signumPraeneste
870 1557 1080 1597 deuectum
1115 1562 1223 1600 Iouis
1254 1563 1424 1613 Impera-

20 1620 21 1623 ¹
81 1627 175 1666 toris
194 1625 236 1664 in
257 1624 500 1676 Capitolium
522 1622 621 1662 tulit.
683 1622 924 1662 Dedicatum
950 1630 1009 1662 est
1029 1623 1129 1664 inter
1153 1627 1291 1665 cellam
1315 1627 1423 1666 Iouis
1443 1644 1462 1676 9

11 1681 14 1684 ”
81 1705 128 1732 ac
156 1692 366 1731 Mineruae
394 1691 610 1741 tabulaque
639 1688 714 1727 sub
751 1701 801 1728 eo
835 1690 922 1736 fixa,
954 1699 1260 1732 monumentum
1295 1706 1422 1732 rerum

79 1765 289 1810 gestarum,
311 1758 373 1796 his
393 1758 516 1796 ferme
535 1755 660 1795 incisa
680 1754 817 1794 litteris
846 1755 919 1794 fuit
938 1769 947 1794 :
982 1758 992 1776 ‘
1008 1755 1187 1807 Iuppiter
1202 1765 1321 1808 atque
1341 1757 1424 1798 diui

26 1850 33 1858 π
82 1837 222 1864 omnes
242 1825 319 1864 hoc
339 1825 536 1864 dederunt
557 1831 598 1864 ut
613 1824 662 1863 T.
687 1819 901 1873 Quinctius
923 1819 1094 1861 dictator
1115 1822 1262 1875 oppida
1277 1837 1423 1863 nouem
1447 1837 1486 1860 10
1532 1831 1535 1834 ’

82 1897 239 1941 caperet
253 1890 273 1930 ’.
335 1891 412 1930 Die
450 1889 641 1931 uicesimo
688 1902 807 1942 quam
848 1892 1002 1925 creatus
1039 1897 1120 1927 erat
1151 1889 1346 1929 dictatura
1383 1904 1425 1929 se

30 1972 37 1994 c
81 1954 293 1996 abdicauit.

137 2021 311 2062 Comitia
331 2021 425 2061 inde
451 2022 587 2062 habita
612 2023 858 2064 tribunorum
883 2023 1051 2063 militurn
1080 2021 1276 2061 consulari
1300 2028 1424 2072 potes·
1446 2039 1499 2076 30

83 2093 172 2134 tate,
195 2086 341 2138 quibus
361 2095 554 2138 aequatus
583 2090 834 2140 patriciorum
863 2090 1193 2142 plebeiorumque
1224 2101 1424 2127 numerus.

28 2194 36 2198 '⁴
126 2200 147 2221 2
170 2190 324 2230 expetite
340 2190 729 2232 MPFUpBOETDLA
745 2204 752 2224 t
778 2195 938 2235 expedite
956 2195 993 2226 H
1147 2207 1166 2235 4
1189 2195 1343 2236 dissipati
1360 2193 1433 2224 MP

85 2233 443 2275 FUpBOEHTDLA
463 2235 498 2276 (ι’.
516 2246 539 2267 e.
558 2247 586 2276 q.
604 2237 661 2276 qui
678 2238 832 2278 dissipati
855 2243 965 2270 eranti
985 2251 991 2270 :
1018 2239 1180 2279 dissipata
1205 2237 1331 2279 Madv„
1344 2238 1426 2278 sort.

28 2291 51 2323 'ssf
87 2282 181 2315 rede,-
203 2278 243 2320 cs}
254 2289 279 2310 e.
287 2288 323 2319 g.
338 2289 368 2311 2.
383 2287 437 2318 59.
451 2289 495 2319 93
518 2280 570 2312 28.
589 2290 640 2311 20.
659 2281 679 2311 8
695 2292 703 2319 ;
727 2282 781 2320 38.
794 2292 847 2319 27.
861 2284 881 2314 8
898 2295 905 2321 ;
930 2283 988 2314 sed
1001 2294 1028 2314 st
1045 2283 1129 2323 quid
1145 2282 1356 2315 mutandum
1372 2286 1429 2318 est,

38 2327 50 2362 'f
77 2320 220 2361 fhrtasse
240 2321 436 2354 audendum
458 2323 502 2354 sit
521 2333 564 2354 ex
586 2323 666 2363 suga
687 2325 864 2366 dissipa(ta
888 2327 1065 2369 contrac)ti
1249 2328 1269 2358 8
1286 2337 1359 2357 acie
1379 2324 1430 2365 Up

34 2385 38 2388 -
88 2363 166 2395 05³
184 2364 238 2396 uel
256 2364 411 2397 E1T¹A:
434 2366 506 2398 acie
525 2377 556 2397 m
576 2366 685 2406 H(de
704 2379 734 2399 m
752 2369 790 2408 cs:
815 2379 839 2400 c.
859 2371 909 2409 36.
934 2380 970 2401 12
991 2370 1086 2402 adnst
1103 2382 1109 2402 ι
1129 2372 1235 2403 aciem
1266 2367 1431 2401 MPFBE

91 2407 219 2439 TDLA
230 2419 244 2447 ,·
256 2410 403 2450 sortasse
414 2409 447 2440 in
460 2410 533 2441 acie
545 2410 717 2451 legendum
734 2415 781 2442 est
