1722 2748
0 0 1722 28 μὴ

613 123 630 137 Q

595 172 916 211 PRAEFATIO

140 284 277 338 (uoces
308 287 565 324 dominantem
594 289 655 323 etc.
689 291 842 323 secutas
873 295 958 323 esse
987 282 1142 323 conicio
1174 283 1213 322 in
1244 283 1421 334 proxima

87 352 271 390 columna
291 351 356 389 uel
375 348 546 402 pagina.)

139 429 259 456 uoces
289 421 379 454 tunc
408 416 546 455 uictori
567 416 737 454 minetur
762 427 877 464 neque
902 414 1013 453 illum
1043 426 1141 463 mag.
1174 414 1341 463 equitum
1370 413 1421 453 ab

86 482 285 532 archetypi
306 480 494 532 scriptore
514 479 813 532 praetermissae
836 486 928 518 sunt
956 486 995 518 et
1021 480 1073 519 ad
1097 480 1215 518 imam
1237 479 1420 530 paginam

88 556 225 598 postea
252 549 291 585 in
319 560 410 586 eum
441 548 618 595 modum,
647 553 691 585 ut
718 546 906 596 equidem
936 544 1106 594 conicio,
1132 546 1291 584 additae
1318 552 1420 584 sunt.

92 614 178 652 Has
208 620 341 652 autem
362 625 482 651 uoces
503 611 745 663 interpretati
777 618 869 650 sunt
895 601 1009 651 aliter
1036 610 1101 650 alii
1127 610 1279 650 scribae
1300 610 1422 650 nostri

86 681 149 718 uel
170 692 306 725 eorum
328 692 428 729 quos
449 691 640 718 uocamus
661 690 957 728 praecursores:

139 743 198 796 (i).
230 751 335 783 recte
364 742 499 782 omnia
528 741 694 781 restituit
727 742 774 790 0,
805 741 865 780 uir
893 740 1122 792 perspicax3
1152 740 1258 780 idem
1288 747 1422 780 tamen

86 823 178 849 casu
207 809 382 860 quodam
414 807 579 847 naturali
614 807 755 855 uictus,
786 814 999 858 postquam
1028 819 1170 846 uocem
1199 806 1426 846 extinxt'sset

85 874 344 926 descripserat
377 874 503 926 pergit
537 873 679 913 iterum
711 874 891 923 excipere
926 877 1016 911 tunc
1046 873 1184 911 uictori
1211 870 1422 925 (uictorem)

86 948 289 991 tamquam
310 941 438 980 lineae
459 939 565 979 iuxta
586 938 778 979 adstantis
799 946 948 990 partem
965 951 974 976 ε
1161 946 1166 951 ’

138 1006 212 1058 (ἰί).
242 1013 347 1046 recte
382 1018 543 1057 quoque
577 1006 830 1044 restituerunt
861 1005 1073 1043 HTDLA
1106 1016 1226 1043 uoces
1257 1004 1425 1042 minetur

87 1102 94 1110 .
116 1101 126 1112 .
147 1102 154 1111 .
177 1074 355 1123 eqrcfficm,
387 1084 505 1111 uoces
535 1078 669 1110 tamen
696 1075 785 1109 tunc
812 1071 950 1109 uictori
975 1069 1188 1123 (uictorem)
1218 1077 1420 1120 tamquam

85 1137 212 1178 lineae
237 1136 508 1189 praecedentis
530 1144 640 1187 parte
661 1135 902 1187 reliquerunt
921 1151 928 1175 z

139 1203 228 1256 (iii).
259 1215 379 1242 uoces
401 1208 489 1241 tunc
512 1202 652 1241 uictori
669 1200 879 1254 (uictorem)
896 1214 986 1240 cum
1008 1200 1110 1240 linea
1133 1201 1239 1239 uelut
1256 1201 1296 1239 in
1316 1205 1422 1252 capto

84 1270 247 1309 exercitu
261 1268 493 1308 coniunctas
515 1270 553 1307 in
575 1270 708 1307 locum
732 1281 846 1307 suum
864 1275 905 1306 ut
927 1267 1142 1307 credebant
1163 1273 1421 1318 reposuerunt

85 1336 303 1386 MPFUp:

138 1388 223 1441 (iv).
255 1401 373 1427 uoces
395 1388 563 1426 minetur
582 1418 588 1426 .
614 1418 621 1426 .
647 1417 654 1426 .
672 1387 840 1436 equitum
861 1393 948 1437 post
970 1386 1195 1425 extinxisset
1215 1384 1421 1436 descripsit

85 1457 149 1504 M,
170 1468 326 1506 prorsus
348 1454 602 1504 neglexerunt
623 1453 775 1502 PFUp.

142 1520 203 1573 (v)
233 1522 373 1559 Manet
394 1532 473 1558 una
494 1518 704 1557 difficultas
722 1532 732 1565 ς
763 1515 913 1556 scribae
937 1516 1021 1556 sine
1042 1516 1166 1557 dubio
1186 1516 1322 1556 incerti
1344 1518 1424 1556 fue-

86 1593 175 1626 runt
188 1600 200 1635 3
229 1585 270 1624 in
286 1585 414 1636 primo
425 1585 516 1624 loco
533 1582 640 1635 (post
656 1581 842 1635 equilum)
859 1582 994 1622 scribit
1015 1584 1050 1623 O
1063 1588 1151 1622 tunc
1164 1583 1323 1631 uictor-[5
1352 1584 1423 1622 sed

87 1653 125 1690 in
156 1651 333 1691 secundo
349 1648 391 1701 (i.
405 1662 438 1689 e.
463 1655 553 1700 post
573 1645 814 1699 extinxisset)
834 1653 925 1686 tunc
953 1648 1127 1686 uictorem
1147 1649 1423 1697 MPFOHT3

87 1723 176 1755 tunc
191 1716 331 1755 inm'cm
360 1729 439 1754 rem
466 1716 527 1766 Up
540 1729 551 1763 ;
586 1720 667 1753 tum
688 1714 811 1763 uictoig
828 1714 946 1751 DLA
965 1728 974 1762 ;
1005 1718 1093 1751 tunc
1110 1714 1247 1752 uictore
1266 1715 1359 1753 Lov.
1378 1728 1396 1752 2
1414 1729 1424 1763 ;

87 1790 129 1822 ut
150 1789 286 1834 putare
306 1782 420 1821 liceat
441 1780 586 1820 litteras
612 1781 689 1818 -ονί
706 1781 807 1819 male
831 1778 995 1830 scriptas
1023 1792 1108 1819 esse
1127 1781 1189 1818 uel
1211 1792 1301 1818 curn
1323 1792 1423 1819 uoce

88 1850 194 1888 uelut
211 1847 442 1899 implicatas.

140 1913 191 1966 (c)
222 1913 298 1953 His
328 1913 443 1965 igitur
477 1913 667 1964 exemplis
701 1913 785 1953 freti
816 1912 1064 1952 confidenter
1092 1911 1174 1950 ausi
1207 1925 1343 1951 sumus
1372 1912 1423 1951 ad

90 1993 123 2029 9.
149 1991 181 2030 5.
205 1994 250 2018 10
280 1978 491 2018 lectionem
514 1980 776 2020 Gelenianam
798 1978 939 2018 iterum
960 1976 1001 2016 in
1016 1984 1166 2016 textum
1187 1985 1422 2028 reponentes

92 2044 204 2084 Liuio
224 2044 418 2084 ascribere
440 2052 643 2097 tamquam
666 2059 712 2084 ex
735 2046 890 2084 duabus
913 2043 1026 2083 lineis
1047 2043 1294 2082 constantem
1315 2059 1323 2084 ε

358 2149 466 2176 arma
487 2138 728 2187 nequiquam
755 2135 760 2175 l
787 2135 888 2175 uires
910 2134 1151 2186 nequiquam

92 2227 172 2266 Hic
191 2226 447 2269 breuissimae
468 2228 631 2280 quidem
659 2227 785 2268 lineae
806 2229 991 2268 uidentur
1021 2227 1093 2266 nisi
1125 2225 1422 2266 meminerimus

89 2292 236 2333 litteras
265 2296 439 2334 unciales
461 2307 488 2333 N
510 2307 533 2333 v
557 2306 587 2333 M
610 2293 780 2345 spatium
802 2306 1126 2344 unamquamque
1154 2292 1227 2332 sibi
1255 2294 1421 2332 duarum

90 2359 169 2398 fere
203 2359 418 2400 litterarum
454 2361 651 2412 postulare
685 2359 782 2412 (qua
813 2361 864 2400 de
894 2372 1013 2398 causa
1046 2372 1187 2399 uocem
1227 2359 1303 2398 sibe·
1330 2371 1420 2397 cum

93 2425 344 2466 Alschefskio
365 2439 446 2465 non
468 2424 712 2478 iterauimus)
729 2440 740 2475 3
769 2427 906 2466 harum
938 2426 1127 2465 linearum
1148 2425 1310 2465 alteram
1331 2437 1421 2463 con-

720 2491 782 2531 xix
1243 2491 1267 2528 l)
1290 2504 1308 2528 2
