<?xml version="1.0" encoding="UTF-8"?>
<!DOCTYPE html PUBLIC "-//W3C//DTD XHTML 1.0 Transitional//EN"
    "http://www.w3.org/TR/xhtml1/DTD/xhtml1-transitional.dtd">
<html xmlns="http://www.w3.org/1999/xhtml" xml:lang="en" lang="en">
 <head>
  <title>
</title>
<meta http-equiv="Content-Type" content="text/html;charset=utf-8" />
  <meta name='ocr-system' content='tesseract 3.04.00' />
  <meta name='ocr-capabilities' content='ocr_page ocr_carea ocr_par ocr_line ocrx_word'/>
</head>
<body>
  <div class='ocr_page' id='page_1' title='image "./aburbeconditarec02livyuoft_0160.png"; bbox 0 0 1722 2748; ppageno 0'>
   <div class='ocr_carea' id='block_1_1' title="bbox 252 131 1140 179">
    <p class='ocr_par' dir='ltr' id='par_1_1' title="bbox 252 131 1140 179">
     <span class='ocr_line' id='line_1_1' title="bbox 252 131 1140 179; baseline 0.005 -11"><span class='ocrx_word' id='word_1_1' title='bbox 252 131 333 169; x_wconf 84' lang='lat' dir='ltr'><strong>vu</strong></span> <span class='ocrx_word' id='word_1_2' title='bbox 353 139 406 179; x_wconf 84' lang='lat'><strong>35</strong></span> <span class='ocrx_word' id='word_1_3' title='bbox 427 148 446 179; x_wconf 83' lang='lat'>4</span> <span class='ocrx_word' id='word_1_4' title='bbox 870 133 990 172; x_wconf 90' lang='lat' dir='ltr'>T1T1</span> <span class='ocrx_word' id='word_1_5' title='bbox 1022 134 1140 172; x_wconf 88' lang='lat' dir='ltr'>L1V1</span> 
     </span>
    </p>
   </div>
   <div class='ocr_carea' id='block_1_2' title="bbox 258 241 1722 2349">
    <p class='ocr_par' dir='ltr' id='par_1_2' title="bbox 297 241 1680 427">
     <span class='ocr_line' id='line_1_2' title="bbox 297 241 1680 296; baseline 0.004 -17"><span class='ocrx_word' id='word_1_6' title='bbox 297 247 314 279; x_wconf 85' lang='lat'>5</span> <span class='ocrx_word' id='word_1_7' title='bbox 333 241 480 282; x_wconf 87' lang='lat' dir='ltr'><strong>auxilio</strong></span> <span class='ocrx_word' id='word_1_8' title='bbox 506 242 701 293; x_wconf 79' lang='lat' dir='ltr'><strong>egueritis.</strong></span> <span class='ocrx_word' id='word_1_9' title='bbox 760 244 865 284; x_wconf 90' lang='lat' dir='ltr'><strong>Cum</strong></span> <span class='ocrx_word' id='word_1_10' title='bbox 892 257 941 283; x_wconf 90' lang='lat' dir='ltr'><strong>eo</strong></span> <span class='ocrx_word' id='word_1_11' title='bbox 965 245 1080 284; x_wconf 89' lang='lat' dir='ltr'><strong>hoste</strong></span> <span class='ocrx_word' id='word_1_12' title='bbox 1106 257 1168 284; x_wconf 92' lang='lat' dir='ltr'><strong>res</strong></span> <span class='ocrx_word' id='word_1_13' title='bbox 1201 251 1276 292; x_wconf 88' lang='lat' dir='ltr'><strong>est,</strong></span> <span class='ocrx_word' id='word_1_14' title='bbox 1298 244 1367 296; x_wconf 90' lang='lat' dir='ltr'><strong>qui</strong></span> <span class='ocrx_word' id='word_1_15' title='bbox 1401 246 1592 286; x_wconf 91' lang='lat' dir='ltr'><strong>hesterno</strong></span> <span class='ocrx_word' id='word_1_16' title='bbox 1613 245 1680 285; x_wconf 89' lang='lat' dir='ltr'><strong>die</strong></span> 
     </span>
     <span class='ocr_line' id='line_1_3' title="bbox 333 308 1680 361; baseline 0.001 -13"><span class='ocrx_word' id='word_1_17' title='bbox 333 308 495 348; x_wconf 88' lang='lat' dir='ltr'><strong>delendi</strong></span> <span class='ocrx_word' id='word_1_18' title='bbox 516 308 646 348; x_wconf 93' lang='lat' dir='ltr'><strong>omnis</strong></span> <span class='ocrx_word' id='word_1_19' title='bbox 667 308 862 348; x_wconf 89' lang='lat' dir='ltr'><strong>exercitus</strong></span> <span class='ocrx_word' id='word_1_20' title='bbox 882 311 1042 349; x_wconf 88' lang='lat' dir='ltr'><strong>fortuna</strong></span> <span class='ocrx_word' id='word_1_21' title='bbox 1061 323 1131 361; x_wconf 90' lang='lat' dir='ltr'><strong>per</strong></span> <span class='ocrx_word' id='word_1_22' title='bbox 1150 311 1376 350; x_wconf 86' lang='lat' dir='ltr'>socordiam</span> <span class='ocrx_word' id='word_1_23' title='bbox 1397 324 1493 350; x_wconf 91' lang='lat' dir='ltr'><strong>usus</strong></span> <span class='ocrx_word' id='word_1_24' title='bbox 1513 324 1596 350; x_wconf 89' lang='lat' dir='ltr'><strong>non</strong></span> <span class='ocrx_word' id='word_1_25' title='bbox 1617 309 1680 359; x_wconf 89' lang='lat' dir='ltr'><strong>sit,</strong></span> 
     </span>
     <span class='ocr_line' id='line_1_4' title="bbox 334 375 1679 427; baseline 0.003 -14"><span class='ocrx_word' id='word_1_26' title='bbox 334 375 441 413; x_wconf 87' lang='lat' dir='ltr'><strong>hunc</strong></span> <span class='ocrx_word' id='word_1_27' title='bbox 463 382 544 414; x_wconf 87' lang='lat' dir='ltr'><strong>tam</strong></span> <span class='ocrx_word' id='word_1_28' title='bbox 565 382 838 426; x_wconf 88' lang='lat' dir='ltr'><strong>opportunum</strong></span> <span class='ocrx_word' id='word_1_29' title='bbox 868 377 1012 415; x_wconf 86' lang='lat' dir='ltr'><strong>collem</strong></span> <span class='ocrx_word' id='word_1_30' title='bbox 1039 375 1316 416; x_wconf 84' lang='lat' dir='ltr'><strong>imminentem</strong></span> <span class='ocrx_word' id='word_1_31' title='bbox 1345 376 1465 427; x_wconf 88' lang='lat' dir='ltr'><strong>capiti</strong></span> <span class='ocrx_word' id='word_1_32' title='bbox 1494 390 1569 417; x_wconf 93' lang='lat' dir='ltr'><strong>suo</strong></span> <span class='ocrx_word' id='word_1_33' title='bbox 1597 390 1679 417; x_wconf 91' lang='lat' dir='ltr'><strong>non</strong></span> 
     </span>
    </p>

    <p class='ocr_par' dir='ltr' id='par_1_3' title="bbox 296 441 1680 693">
     <span class='ocr_line' id='line_1_5' title="bbox 296 441 1680 495; baseline 0.003 -16"><span class='ocrx_word' id='word_1_34' title='bbox 296 442 315 474; x_wconf 94' lang='lat'><strong>6</strong></span> <span class='ocrx_word' id='word_1_35' title='bbox 333 449 427 480; x_wconf 89' lang='lat' dir='ltr'><strong>ante</strong></span> <span class='ocrx_word' id='word_1_36' title='bbox 446 441 591 480; x_wconf 91' lang='lat' dir='ltr'><strong>uiderit</strong></span> <span class='ocrx_word' id='word_1_37' title='bbox 615 454 736 492; x_wconf 90' lang='lat' dir='ltr'><strong>quam</strong></span> <span class='ocrx_word' id='word_1_38' title='bbox 757 449 920 492; x_wconf 87' lang='lat' dir='ltr'><strong>captum</strong></span> <span class='ocrx_word' id='word_1_39' title='bbox 939 455 964 480; x_wconf 91' lang='lat' dir='ltr'><strong>a</strong></span> <span class='ocrx_word' id='word_1_40' title='bbox 982 441 1111 489; x_wconf 90' lang='lat' dir='ltr'><strong>nobis,</strong></span> <span class='ocrx_word' id='word_1_41' title='bbox 1133 456 1208 481; x_wconf 91' lang='lat' dir='ltr'><strong>nos</strong></span> <span class='ocrx_word' id='word_1_42' title='bbox 1236 450 1318 481; x_wconf 87' lang='lat' dir='ltr'><strong>tam</strong></span> <span class='ocrx_word' id='word_1_43' title='bbox 1345 456 1496 494; x_wconf 92' lang='lat' dir='ltr'><strong>paucos</strong></span> <span class='ocrx_word' id='word_1_44' title='bbox 1516 450 1576 483; x_wconf 92' lang='lat' dir='ltr'><strong>tot</strong></span> <span class='ocrx_word' id='word_1_45' title='bbox 1594 443 1680 495; x_wconf 92' lang='lat' dir='ltr'><strong>ipse</strong></span> 
     </span>
     <span class='ocr_line' id='line_1_6' title="bbox 334 505 1676 557; baseline 0.003 -13"><span class='ocrx_word' id='word_1_46' title='bbox 334 505 495 545; x_wconf 80' lang='lat' dir='ltr'><strong>milibus</strong></span> <span class='ocrx_word' id='word_1_47' title='bbox 515 506 726 546; x_wconf 90' lang='lat' dir='ltr'><strong>hominum</strong></span> <span class='ocrx_word' id='word_1_48' title='bbox 747 521 822 546; x_wconf 89' lang='lat' dir='ltr'><strong>nec</strong></span> <span class='ocrx_word' id='word_1_49' title='bbox 842 520 1010 546; x_wconf 89' lang='lat' dir='ltr'><strong>ascensu</strong></span> <span class='ocrx_word' id='word_1_50' title='bbox 1029 510 1197 546; x_wconf 82' lang='lat' dir='ltr'>arcuerit</span> <span class='ocrx_word' id='word_1_51' title='bbox 1218 521 1293 547; x_wconf 86' lang='lat' dir='ltr'><strong>nec</strong></span> <span class='ocrx_word' id='word_1_52' title='bbox 1319 515 1502 548; x_wconf 88' lang='lat' dir='ltr'><strong>tenentes</strong></span> <span class='ocrx_word' id='word_1_53' title='bbox 1530 510 1676 557; x_wconf 90' lang='lat' dir='ltr'><strong>locum,</strong></span> 
     </span>
     <span class='ocr_line' id='line_1_7' title="bbox 333 572 1676 625; baseline 0.002 -14"><span class='ocrx_word' id='word_1_54' title='bbox 333 585 426 611; x_wconf 91' lang='lat' dir='ltr'><strong>cum</strong></span> <span class='ocrx_word' id='word_1_55' title='bbox 458 572 536 612; x_wconf 90' lang='lat' dir='ltr'><strong>diei</strong></span> <span class='ocrx_word' id='word_1_56' title='bbox 569 580 725 612; x_wconf 86' lang='lat' dir='ltr'><strong>tantum</strong></span> <span class='ocrx_word' id='word_1_57' title='bbox 760 580 994 624; x_wconf 84' lang='lat' dir='ltr'><strong>superesset,</strong></span> <span class='ocrx_word' id='word_1_58' title='bbox 1023 575 1130 612; x_wconf 79' lang='lat' dir='ltr'><strong>uallo</strong></span> <span class='ocrx_word' id='word_1_59' title='bbox 1163 573 1482 614; x_wconf 86' lang='lat' dir='ltr'><strong>circumdederit.</strong></span> <span class='ocrx_word' id='word_1_60' title='bbox 1545 576 1676 625; x_wconf 87' lang='lat' dir='ltr'><strong>Quem</strong></span> 
     </span>
     <span class='ocr_line' id='line_1_8' title="bbox 333 638 1675 693; baseline 0.003 -16"><span class='ocrx_word' id='word_1_61' title='bbox 333 638 540 678; x_wconf 87' lang='lat' dir='ltr'><strong>uidentem</strong></span> <span class='ocrx_word' id='word_1_62' title='bbox 557 653 603 678; x_wconf 86' lang='lat' dir='ltr'><strong>ac</strong></span> <span class='ocrx_word' id='word_1_63' title='bbox 624 639 854 690; x_wconf 82' lang='lat' dir='ltr'><strong>uigilantem</strong></span> <span class='ocrx_word' id='word_1_64' title='bbox 869 638 924 678; x_wconf 89' lang='lat' dir='ltr'><strong>sic</strong></span> <span class='ocrx_word' id='word_1_65' title='bbox 939 639 1144 687; x_wconf 86' lang='lat' dir='ltr'><strong>eluseritis,</strong></span> <span class='ocrx_word' id='word_1_66' title='bbox 1160 640 1334 691; x_wconf 88' lang='lat' dir='ltr'><strong>sopitum</strong></span> <span class='ocrx_word' id='word_1_67' title='bbox 1351 649 1508 693; x_wconf 92' lang='lat' dir='ltr'><strong>oportet</strong></span> <span class='ocrx_word' id='word_1_68' title='bbox 1523 643 1675 690; x_wconf 87' lang='lat' dir='ltr'><strong>fallatis,</strong></span> 
     </span>
    </p>

    <p class='ocr_par' dir='ltr' id='par_1_4' title="bbox 298 705 1678 824">
     <span class='ocr_line' id='line_1_9' title="bbox 298 705 1678 754; baseline 0.003 -11"><span class='ocrx_word' id='word_1_69' title='bbox 298 707 314 743; x_wconf 83' lang='lat'><strong>7</strong></span> <span class='ocrx_word' id='word_1_70' title='bbox 334 706 459 743; x_wconf 89' lang='lat' dir='ltr'><strong>immo</strong></span> <span class='ocrx_word' id='word_1_71' title='bbox 492 718 656 744; x_wconf 85' lang='lat' dir='ltr'><strong>necesse</strong></span> <span class='ocrx_word' id='word_1_72' title='bbox 687 714 746 744; x_wconf 88' lang='lat' dir='ltr'><strong>est</strong></span> <span class='ocrx_word' id='word_1_73' title='bbox 761 720 772 754; x_wconf 77' lang='lat'><em>3</em></span> <span class='ocrx_word' id='word_1_74' title='bbox 801 705 842 743; x_wconf 89' lang='lat' dir='ltr'><strong>in</strong></span> <span class='ocrx_word' id='word_1_75' title='bbox 874 719 922 744; x_wconf 93' lang='lat' dir='ltr'><strong>eo</strong></span> <span class='ocrx_word' id='word_1_76' title='bbox 955 705 1060 744; x_wconf 91' lang='lat' dir='ltr'><strong>enim</strong></span> <span class='ocrx_word' id='word_1_77' title='bbox 1094 707 1187 745; x_wconf 91' lang='lat' dir='ltr'><strong>loco</strong></span> <span class='ocrx_word' id='word_1_78' title='bbox 1219 719 1282 745; x_wconf 91' lang='lat' dir='ltr'><strong>res</strong></span> <span class='ocrx_word' id='word_1_79' title='bbox 1314 715 1407 746; x_wconf 91' lang='lat' dir='ltr'><strong>sunt</strong></span> <span class='ocrx_word' id='word_1_80' title='bbox 1441 716 1600 747; x_wconf 89' lang='lat' dir='ltr'><strong>nostrae</strong></span> <span class='ocrx_word' id='word_1_81' title='bbox 1635 716 1678 747; x_wconf 90' lang='lat' dir='ltr'><strong>ut</strong></span> 
     </span>
     <span class='ocr_line' id='line_1_10' title="bbox 335 770 1676 824; baseline 0.003 -15"><span class='ocrx_word' id='word_1_82' title='bbox 335 770 452 810; x_wconf 88' lang='lat' dir='ltr'><strong>uobis</strong></span> <span class='ocrx_word' id='word_1_83' title='bbox 487 784 561 822; x_wconf 84' lang='lat' dir='ltr'><strong>ego</strong></span> <span class='ocrx_word' id='word_1_84' title='bbox 594 771 717 822; x_wconf 86' lang='lat' dir='ltr'><strong>magis</strong></span> <span class='ocrx_word' id='word_1_85' title='bbox 751 770 997 811; x_wconf 85' lang='lat' dir='ltr'><strong>necessitatis</strong></span> <span class='ocrx_word' id='word_1_86' title='bbox 1028 778 1183 811; x_wconf 91' lang='lat' dir='ltr'><strong>uestrae</strong></span> <span class='ocrx_word' id='word_1_87' title='bbox 1215 772 1336 812; x_wconf 88' lang='lat' dir='ltr'><strong>index</strong></span> <span class='ocrx_word' id='word_1_88' title='bbox 1369 786 1490 824; x_wconf 86' lang='lat' dir='ltr'><strong>quam</strong></span> <span class='ocrx_word' id='word_1_89' title='bbox 1522 773 1676 813; x_wconf 90' lang='lat' dir='ltr'><strong>consilii</strong></span> 
     </span>
    </p>

    <p class='ocr_par' dir='ltr' id='par_1_5' title="bbox 295 836 1722 1086">
     <span class='ocr_line' id='line_1_11' title="bbox 295 836 1678 888; baseline -0.001 -9"><span class='ocrx_word' id='word_1_90' title='bbox 295 847 314 879; x_wconf 93' lang='lat'>8</span> <span class='ocrx_word' id='word_1_91' title='bbox 333 845 473 876; x_wconf 87' lang='lat' dir='ltr'><strong>auctor</strong></span> <span class='ocrx_word' id='word_1_92' title='bbox 492 836 580 876; x_wconf 87' lang='lat' dir='ltr'><strong>sim.</strong></span> <span class='ocrx_word' id='word_1_93' title='bbox 639 839 785 888; x_wconf 93' lang='lat' dir='ltr'><strong>Neque</strong></span> <span class='ocrx_word' id='word_1_94' title='bbox 804 837 923 885; x_wconf 90' lang='lat' dir='ltr'><strong>enim,</strong></span> <span class='ocrx_word' id='word_1_95' title='bbox 947 836 1140 876; x_wconf 88' lang='lat' dir='ltr'><strong>maneatis</strong></span> <span class='ocrx_word' id='word_1_96' title='bbox 1159 851 1212 876; x_wconf 92' lang='lat' dir='ltr'><strong>an</strong></span> <span class='ocrx_word' id='word_1_97' title='bbox 1231 838 1382 877; x_wconf 81' lang='lat' dir='ltr'><strong>abeatis</strong></span> <span class='ocrx_word' id='word_1_98' title='bbox 1402 839 1507 887; x_wconf 92' lang='lat' dir='ltr'><strong>hinc,</strong></span> <span class='ocrx_word' id='word_1_99' title='bbox 1530 839 1678 879; x_wconf 88' lang='lat' dir='ltr'><strong>delibe-</strong></span> 
     </span>
     <span class='ocr_line' id='line_1_12' title="bbox 333 893 1722 955; baseline 0.001 -13"><span class='ocrx_word' id='word_1_100' title='bbox 333 903 407 942; x_wconf 89' lang='lat' dir='ltr'><strong>rari</strong></span> <span class='ocrx_word' id='word_1_101' title='bbox 427 910 570 955; x_wconf 91' lang='lat' dir='ltr'><strong>potest,</strong></span> <span class='ocrx_word' id='word_1_102' title='bbox 593 917 684 942; x_wconf 92' lang='lat' dir='ltr'><strong>cum</strong></span> <span class='ocrx_word' id='word_1_103' title='bbox 710 911 863 954; x_wconf 88' lang='lat' dir='ltr'><strong>praeter</strong></span> <span class='ocrx_word' id='word_1_104' title='bbox 882 917 992 942; x_wconf 89' lang='lat' dir='ltr'><strong>arma</strong></span> <span class='ocrx_word' id='word_1_105' title='bbox 1011 911 1049 942; x_wconf 94' lang='lat' dir='ltr'><strong>et</strong></span> <span class='ocrx_word' id='word_1_106' title='bbox 1069 904 1226 943; x_wconf 88' lang='lat' dir='ltr'><strong>animos</strong></span> <span class='ocrx_word' id='word_1_107' title='bbox 1254 918 1456 944; x_wconf 87' lang='lat' dir='ltr'><strong>armorum</strong></span> <span class='ocrx_word' id='word_1_108' title='bbox 1480 918 1676 945; x_wconf 89' lang='lat' dir='ltr'><strong>memores</strong></span> <span class='ocrx_word' id='word_1_109' title='bbox 1718 893 1722 905; x_wconf 31' lang='lat'><strong>&#39;¹</strong></span> 
     </span>
     <span class='ocr_line' id='line_1_13' title="bbox 333 968 1676 1020; baseline 0.002 -13"><span class='ocrx_word' id='word_1_110' title='bbox 333 968 562 1008; x_wconf 88' lang='lat' dir='ltr'><strong>nihiluobis</strong></span> <span class='ocrx_word' id='word_1_111' title='bbox 582 970 740 1008; x_wconf 84' lang='lat' dir='ltr'><strong>fortuna</strong></span> <span class='ocrx_word' id='word_1_112' title='bbox 759 968 900 1020; x_wconf 85' lang='lat' dir='ltr'><strong>reliqui</strong></span> <span class='ocrx_word' id='word_1_113' title='bbox 921 969 1056 1008; x_wconf 86' lang='lat' dir='ltr'><strong>fecerit</strong></span> <span class='ocrx_word' id='word_1_114' title='bbox 1076 971 1265 1020; x_wconf 89' lang='lat' dir='ltr'><strong>fameque</strong></span> <span class='ocrx_word' id='word_1_115' title='bbox 1284 978 1323 1009; x_wconf 91' lang='lat' dir='ltr'><strong>et</strong></span> <span class='ocrx_word' id='word_1_116' title='bbox 1339 969 1403 1009; x_wconf 93' lang='lat' dir='ltr'><strong>siti</strong></span> <span class='ocrx_word' id='word_1_117' title='bbox 1423 970 1676 1011; x_wconf 86' lang='lat' dir='ltr'><strong>moriendum</strong></span> 
     </span>
     <span class='ocr_line' id='line_1_14' title="bbox 333 1034 1672 1086; baseline 0.001 -12"><span class='ocrx_word' id='word_1_118' title='bbox 333 1035 394 1084; x_wconf 89' lang='lat' dir='ltr'><strong>sit,</strong></span> <span class='ocrx_word' id='word_1_119' title='bbox 417 1034 449 1074; x_wconf 87' lang='lat' dir='ltr'><strong>si</strong></span> <span class='ocrx_word' id='word_1_120' title='bbox 469 1036 557 1086; x_wconf 90' lang='lat' dir='ltr'><strong>plus</strong></span> <span class='ocrx_word' id='word_1_121' title='bbox 578 1048 698 1086; x_wconf 87' lang='lat' dir='ltr'><strong>quam</strong></span> <span class='ocrx_word' id='word_1_122' title='bbox 721 1035 826 1074; x_wconf 87' lang='lat' dir='ltr'><strong>uiros</strong></span> <span class='ocrx_word' id='word_1_123' title='bbox 845 1048 893 1074; x_wconf 90' lang='lat' dir='ltr'><strong>ac</strong></span> <span class='ocrx_word' id='word_1_124' title='bbox 914 1036 1122 1074; x_wconf 85' lang='lat' dir='ltr'><strong>Romanos</strong></span> <span class='ocrx_word' id='word_1_125' title='bbox 1143 1036 1260 1075; x_wconf 90' lang='lat' dir='ltr'><strong>decet</strong></span> <span class='ocrx_word' id='word_1_126' title='bbox 1280 1037 1425 1075; x_wconf 87' lang='lat' dir='ltr'><strong>ferrum</strong></span> <span class='ocrx_word' id='word_1_127' title='bbox 1450 1036 1672 1077; x_wconf 89' lang='lat' dir='ltr'><strong>timeamus.</strong></span> 
     </span>
    </p>

    <p class='ocr_par' dir='ltr' id='par_1_6' title="bbox 295 1100 1677 1152">
     <span class='ocr_line' id='line_1_15' title="bbox 295 1100 1677 1152; baseline 0.003 -13"><span class='ocrx_word' id='word_1_128' title='bbox 295 1120 314 1152; x_wconf 90' lang='lat'><strong>9</strong></span> <span class='ocrx_word' id='word_1_129' title='bbox 335 1102 442 1152; x_wconf 86' lang='lat' dir='ltr'><strong>Ergo</strong></span> <span class='ocrx_word' id='word_1_130' title='bbox 468 1114 550 1140; x_wconf 90' lang='lat' dir='ltr'><strong>una</strong></span> <span class='ocrx_word' id='word_1_131' title='bbox 576 1109 635 1140; x_wconf 91' lang='lat' dir='ltr'><strong>est</strong></span> <span class='ocrx_word' id='word_1_132' title='bbox 665 1102 770 1139; x_wconf 88' lang='lat' dir='ltr'><strong>salus</strong></span> <span class='ocrx_word' id='word_1_133' title='bbox 798 1114 1007 1152; x_wconf 90' lang='lat' dir='ltr'><strong>erumpere</strong></span> <span class='ocrx_word' id='word_1_134' title='bbox 1031 1100 1125 1140; x_wconf 90' lang='lat' dir='ltr'><strong>hinc</strong></span> <span class='ocrx_word' id='word_1_135' title='bbox 1150 1109 1272 1152; x_wconf 92' lang='lat' dir='ltr'><strong>atque</strong></span> <span class='ocrx_word' id='word_1_136' title='bbox 1299 1101 1410 1141; x_wconf 85' lang='lat' dir='ltr'><strong>abire</strong></span> <span class='ocrx_word' id='word_1_137' title='bbox 1423 1117 1434 1152; x_wconf 85' lang='lat'>;</span> <span class='ocrx_word' id='word_1_138' title='bbox 1462 1101 1505 1142; x_wconf 88' lang='lat' dir='ltr'><strong>id</strong></span> <span class='ocrx_word' id='word_1_139' title='bbox 1529 1110 1598 1143; x_wconf 92' lang='lat' dir='ltr'><strong>aut</strong></span> <span class='ocrx_word' id='word_1_140' title='bbox 1621 1102 1677 1143; x_wconf 88' lang='lat' dir='ltr'><strong>in-</strong></span> 
     </span>
    </p>

    <p class='ocr_par' dir='ltr' id='par_1_7' title="bbox 278 1166 1676 1484">
     <span class='ocr_line' id='line_1_16' title="bbox 278 1166 1675 1218; baseline 0.001 -9"><span class='ocrx_word' id='word_1_141' title='bbox 278 1187 315 1209; x_wconf 83' lang='lat'><strong>10</strong></span> <span class='ocrx_word' id='word_1_142' title='bbox 334 1166 465 1207; x_wconf 90' lang='lat' dir='ltr'><strong>terdiu</strong></span> <span class='ocrx_word' id='word_1_143' title='bbox 484 1174 553 1206; x_wconf 90' lang='lat' dir='ltr'><strong>aut</strong></span> <span class='ocrx_word' id='word_1_144' title='bbox 569 1175 687 1206; x_wconf 86' lang='lat' dir='ltr'><strong>nocte</strong></span> <span class='ocrx_word' id='word_1_145' title='bbox 709 1167 899 1207; x_wconf 88' lang='lat' dir='ltr'><strong>faciamus</strong></span> <span class='ocrx_word' id='word_1_146' title='bbox 919 1174 1089 1218; x_wconf 86' lang='lat' dir='ltr'><strong>oportet.</strong></span> <span class='ocrx_word' id='word_1_147' title='bbox 1138 1169 1247 1207; x_wconf 89' lang='lat' dir='ltr'><strong>Ecce</strong></span> <span class='ocrx_word' id='word_1_148' title='bbox 1265 1175 1399 1207; x_wconf 86' lang='lat' dir='ltr'><strong>autem</strong></span> <span class='ocrx_word' id='word_1_149' title='bbox 1414 1168 1523 1209; x_wconf 89' lang='lat' dir='ltr'><strong>aliud</strong></span> <span class='ocrx_word' id='word_1_150' title='bbox 1545 1170 1675 1210; x_wconf 91' lang='lat' dir='ltr'><strong>minus</strong></span> 
     </span>
     <span class='ocr_line' id='line_1_17' title="bbox 333 1232 1675 1284; baseline 0.002 -12"><span class='ocrx_word' id='word_1_151' title='bbox 333 1232 502 1273; x_wconf 92' lang='lat' dir='ltr'><strong>dubium</strong></span> <span class='ocrx_word' id='word_1_152' title='bbox 522 1247 532 1281; x_wconf 91' lang='lat'>;</span> <span class='ocrx_word' id='word_1_153' title='bbox 559 1232 719 1284; x_wconf 86' lang='lat' dir='ltr'><strong>quippe,</strong></span> <span class='ocrx_word' id='word_1_154' title='bbox 741 1232 772 1271; x_wconf 92' lang='lat' dir='ltr'><strong>si</strong></span> <span class='ocrx_word' id='word_1_155' title='bbox 794 1234 861 1272; x_wconf 89' lang='lat' dir='ltr'><strong>lux</strong></span> <span class='ocrx_word' id='word_1_156' title='bbox 879 1240 1138 1284; x_wconf 86' lang='lat' dir='ltr'><strong>exspectetur,</strong></span> <span class='ocrx_word' id='word_1_157' title='bbox 1156 1247 1260 1284; x_wconf 88' lang='lat' dir='ltr'><strong>quae</strong></span> <span class='ocrx_word' id='word_1_158' title='bbox 1279 1247 1368 1284; x_wconf 90' lang='lat' dir='ltr'><strong>spes</strong></span> <span class='ocrx_word' id='word_1_159' title='bbox 1389 1242 1448 1274; x_wconf 91' lang='lat' dir='ltr'><strong>est</strong></span> <span class='ocrx_word' id='word_1_160' title='bbox 1469 1248 1550 1274; x_wconf 91' lang='lat' dir='ltr'><strong>non</strong></span> <span class='ocrx_word' id='word_1_161' title='bbox 1569 1237 1675 1275; x_wconf 86' lang='lat' dir='ltr'><strong>uallo</strong></span> 
     </span>
     <span class='ocr_line' id='line_1_18' title="bbox 333 1299 1676 1353; baseline 0.002 -15"><span class='ocrx_word' id='word_1_162' title='bbox 333 1307 526 1351; x_wconf 91' lang='lat' dir='ltr'><strong>perpetuo</strong></span> <span class='ocrx_word' id='word_1_163' title='bbox 547 1299 732 1350; x_wconf 79' lang='lat' dir='ltr'><strong>fossaque</strong></span> <span class='ocrx_word' id='word_1_164' title='bbox 752 1312 825 1338; x_wconf 89' lang='lat' dir='ltr'><strong>nos</strong></span> <span class='ocrx_word' id='word_1_165' title='bbox 845 1307 1076 1350; x_wconf 86' lang='lat' dir='ltr'><strong>saepturum</strong></span> <span class='ocrx_word' id='word_1_166' title='bbox 1096 1300 1267 1348; x_wconf 88' lang='lat' dir='ltr'><strong>hostem,</strong></span> <span class='ocrx_word' id='word_1_167' title='bbox 1289 1299 1358 1351; x_wconf 92' lang='lat' dir='ltr'><strong>qui</strong></span> <span class='ocrx_word' id='word_1_168' title='bbox 1379 1314 1488 1340; x_wconf 88' lang='lat' dir='ltr'><strong>nunc</strong></span> <span class='ocrx_word' id='word_1_169' title='bbox 1506 1301 1676 1353; x_wconf 89' lang='lat' dir='ltr'><strong>corpori-</strong></span> 
     </span>
     <span class='ocr_line' id='line_1_19' title="bbox 333 1364 1674 1420; baseline 0.002 -16"><span class='ocrx_word' id='word_1_170' title='bbox 333 1365 408 1404; x_wconf 93' lang='lat' dir='ltr'><strong>bus</strong></span> <span class='ocrx_word' id='word_1_171' title='bbox 429 1365 510 1404; x_wconf 89' lang='lat' dir='ltr'><strong>suis</strong></span> <span class='ocrx_word' id='word_1_172' title='bbox 531 1364 719 1405; x_wconf 88' lang='lat' dir='ltr'><strong>subiectis</strong></span> <span class='ocrx_word' id='word_1_173' title='bbox 733 1366 912 1416; x_wconf 89' lang='lat' dir='ltr'><strong>undique</strong></span> <span class='ocrx_word' id='word_1_174' title='bbox 926 1365 1101 1414; x_wconf 87' lang='lat' dir='ltr'><strong>cinxerit,</strong></span> <span class='ocrx_word' id='word_1_175' title='bbox 1119 1374 1163 1405; x_wconf 91' lang='lat' dir='ltr'><strong>ut</strong></span> <span class='ocrx_word' id='word_1_176' title='bbox 1175 1365 1333 1416; x_wconf 91' lang='lat' dir='ltr'><strong>uidetis,</strong></span> <span class='ocrx_word' id='word_1_177' title='bbox 1351 1368 1522 1408; x_wconf 84' lang='lat' dir='ltr'><strong>collem?</strong></span> <span class='ocrx_word' id='word_1_178' title='bbox 1550 1368 1674 1420; x_wconf 91' lang='lat' dir='ltr'><strong>Atqui</strong></span> 
     </span>
     <span class='ocr_line' id='line_1_20' title="bbox 333 1431 1675 1484; baseline 0.002 -14"><span class='ocrx_word' id='word_1_179' title='bbox 333 1431 365 1470; x_wconf 92' lang='lat' dir='ltr'><strong>si</strong></span> <span class='ocrx_word' id='word_1_180' title='bbox 382 1445 460 1471; x_wconf 89' lang='lat' dir='ltr'><strong>nox</strong></span> <span class='ocrx_word' id='word_1_181' title='bbox 474 1440 698 1483; x_wconf 85' lang='lat' dir='ltr'><strong>opportuna</strong></span> <span class='ocrx_word' id='word_1_182' title='bbox 711 1439 771 1470; x_wconf 90' lang='lat' dir='ltr'><strong>est</strong></span> <span class='ocrx_word' id='word_1_183' title='bbox 786 1431 996 1482; x_wconf 89' lang='lat' dir='ltr'><strong>eruptioni,</strong></span> <span class='ocrx_word' id='word_1_184' title='bbox 1015 1431 1118 1471; x_wconf 85' lang='lat' dir='ltr'><strong>sicut</strong></span> <span class='ocrx_word' id='word_1_185' title='bbox 1133 1439 1206 1481; x_wconf 91' lang='lat' dir='ltr'><strong>est,</strong></span> <span class='ocrx_word' id='word_1_186' title='bbox 1226 1433 1327 1472; x_wconf 91' lang='lat' dir='ltr'><strong>haec</strong></span> <span class='ocrx_word' id='word_1_187' title='bbox 1346 1434 1527 1484; x_wconf 88' lang='lat' dir='ltr'><strong>profecto</strong></span> <span class='ocrx_word' id='word_1_188' title='bbox 1546 1433 1675 1473; x_wconf 89' lang='lat' dir='ltr'><strong>noctis</strong></span> 
     </span>
    </p>

    <p class='ocr_par' dir='ltr' id='par_1_8' title="bbox 277 1497 1674 1672">
     <span class='ocr_line' id='line_1_21' title="bbox 277 1497 1674 1551; baseline 0.003 -16"><span class='ocrx_word' id='word_1_189' title='bbox 277 1515 285 1535; x_wconf 81' lang='grc' dir='ltr'><strong><em>ι</em></strong></span> <span class='ocrx_word' id='word_1_190' title='bbox 298 1513 309 1535; x_wconf 83' lang='grc' dir='ltr'><strong><em>ι</em></strong></span> <span class='ocrx_word' id='word_1_191' title='bbox 331 1497 537 1548; x_wconf 88' lang='lat' dir='ltr'><strong>aptissima</strong></span> <span class='ocrx_word' id='word_1_192' title='bbox 552 1498 649 1536; x_wconf 85' lang='lat' dir='ltr'><strong>hora</strong></span> <span class='ocrx_word' id='word_1_193' title='bbox 662 1505 732 1536; x_wconf 90' lang='lat' dir='ltr'><strong>est.</strong></span> <span class='ocrx_word' id='word_1_194' title='bbox 772 1497 893 1548; x_wconf 88' lang='lat' dir='ltr'><strong>Signo</strong></span> <span class='ocrx_word' id='word_1_195' title='bbox 907 1499 1109 1538; x_wconf 89' lang='lat' dir='ltr'><strong>secundae</strong></span> <span class='ocrx_word' id='word_1_196' title='bbox 1121 1498 1279 1550; x_wconf 89' lang='lat' dir='ltr'><strong>uigiliae</strong></span> <span class='ocrx_word' id='word_1_197' title='bbox 1293 1499 1549 1548; x_wconf 90' lang='lat' dir='ltr'><strong>conuenistis‚</strong></span> <span class='ocrx_word' id='word_1_198' title='bbox 1564 1500 1674 1551; x_wconf 90' lang='lat' dir='ltr'><strong>quod</strong></span> 
     </span>
     <span class='ocr_line' id='line_1_22' title="bbox 332 1562 1674 1617; baseline 0.002 -15"><span class='ocrx_word' id='word_1_199' title='bbox 332 1571 491 1615; x_wconf 88' lang='lat' dir='ltr'><strong>tempus</strong></span> <span class='ocrx_word' id='word_1_200' title='bbox 512 1565 696 1603; x_wconf 88' lang='lat' dir='ltr'><strong>mortales</strong></span> <span class='ocrx_word' id='word_1_201' title='bbox 717 1577 861 1602; x_wconf 89' lang='lat' dir='ltr'><strong>somno</strong></span> <span class='ocrx_word' id='word_1_202' title='bbox 879 1562 1073 1602; x_wconf 90' lang='lat' dir='ltr'><strong>altissimo</strong></span> <span class='ocrx_word' id='word_1_203' title='bbox 1093 1563 1235 1615; x_wconf 88' lang='lat' dir='ltr'><strong>premit</strong></span> <span class='ocrx_word' id='word_1_204' title='bbox 1246 1578 1257 1613; x_wconf 84' lang='lat'>3</span> <span class='ocrx_word' id='word_1_205' title='bbox 1275 1578 1346 1616; x_wconf 91' lang='lat' dir='ltr'><strong>per</strong></span> <span class='ocrx_word' id='word_1_206' title='bbox 1364 1578 1530 1616; x_wconf 84' lang='lat' dir='ltr'><strong>corpora</strong></span> <span class='ocrx_word' id='word_1_207' title='bbox 1545 1564 1674 1617; x_wconf 87' lang='lat' dir='ltr'><strong>sopita</strong></span> 
     </span>
     <span class='ocr_line' id='line_1_23' title="bbox 331 1629 1674 1672; baseline 0.002 -3"><span class='ocrx_word' id='word_1_208' title='bbox 331 1631 487 1669; x_wconf 88' lang='lat' dir='ltr'><strong>uadetis</strong></span> <span class='ocrx_word' id='word_1_209' title='bbox 501 1631 565 1669; x_wconf 92' lang='lat' dir='ltr'><strong>uel</strong></span> <span class='ocrx_word' id='word_1_210' title='bbox 581 1629 738 1668; x_wconf 85' lang='lat' dir='ltr'><strong>silentio</strong></span> <span class='ocrx_word' id='word_1_211' title='bbox 752 1631 932 1668; x_wconf 89' lang='lat' dir='ltr'><strong>incautos</strong></span> <span class='ocrx_word' id='word_1_212' title='bbox 948 1631 1129 1669; x_wconf 85' lang='lat' dir='ltr'><strong>fallentes</strong></span> <span class='ocrx_word' id='word_1_213' title='bbox 1143 1631 1208 1669; x_wconf 92' lang='lat' dir='ltr'><strong>uel</strong></span> <span class='ocrx_word' id='word_1_214' title='bbox 1222 1631 1486 1671; x_wconf 85' lang='lat' dir='ltr'><strong>sentientibus</strong></span> <span class='ocrx_word' id='word_1_215' title='bbox 1501 1633 1674 1672; x_wconf 90' lang='lat' dir='ltr'><strong>clamore</strong></span> 
     </span>
    </p>

    <p class='ocr_par' dir='ltr' id='par_1_9' title="bbox 275 1695 1674 1881">
     <span class='ocr_line' id='line_1_24' title="bbox 275 1695 1674 1748; baseline 0.002 -12"><span class='ocrx_word' id='word_1_216' title='bbox 275 1715 310 1736; x_wconf 84' lang='lat'><strong>12</strong></span> <span class='ocrx_word' id='word_1_217' title='bbox 331 1696 466 1736; x_wconf 86' lang='lat' dir='ltr'><strong>subito</strong></span> <span class='ocrx_word' id='word_1_218' title='bbox 486 1709 676 1747; x_wconf 86' lang='lat' dir='ltr'><strong>pauorem</strong></span> <span class='ocrx_word' id='word_1_219' title='bbox 697 1695 890 1735; x_wconf 90' lang='lat' dir='ltr'><strong>iniecturi.</strong></span> <span class='ocrx_word' id='word_1_220' title='bbox 932 1697 1001 1735; x_wconf 94' lang='lat' dir='ltr'><strong>Me</strong></span> <span class='ocrx_word' id='word_1_221' title='bbox 1022 1697 1146 1735; x_wconf 89' lang='lat' dir='ltr'><strong>modo</strong></span> <span class='ocrx_word' id='word_1_222' title='bbox 1165 1696 1389 1747; x_wconf 88' lang='lat' dir='ltr'><strong>sequimini,</strong></span> <span class='ocrx_word' id='word_1_223' title='bbox 1411 1711 1534 1748; x_wconf 91' lang='lat' dir='ltr'><strong>quem</strong></span> <span class='ocrx_word' id='word_1_224' title='bbox 1548 1698 1674 1739; x_wconf 92' lang='lat' dir='ltr'><strong>secuti</strong></span> 
     </span>
     <span class='ocr_line' id='line_1_25' title="bbox 331 1762 1674 1815; baseline 0.003 -14"><span class='ocrx_word' id='word_1_225' title='bbox 331 1762 444 1811; x_wconf 80' lang='lat' dir='ltr'><strong>estis3</strong></span> <span class='ocrx_word' id='word_1_226' title='bbox 462 1776 536 1814; x_wconf 90' lang='lat' dir='ltr'><strong>ego</strong></span> <span class='ocrx_word' id='word_1_227' title='bbox 549 1763 719 1802; x_wconf 85' lang='lat' dir='ltr'><strong>eandem</strong></span> <span class='ocrx_word' id='word_1_228' title='bbox 734 1775 838 1812; x_wconf 89' lang='lat' dir='ltr'><strong>quae</strong></span> <span class='ocrx_word' id='word_1_229' title='bbox 858 1762 969 1801; x_wconf 85' lang='lat' dir='ltr'><strong>duxit</strong></span> <span class='ocrx_word' id='word_1_230' title='bbox 991 1763 1070 1801; x_wconf 86' lang='lat' dir='ltr'><strong>huc</strong></span> <span class='ocrx_word' id='word_1_231' title='bbox 1090 1775 1232 1813; x_wconf 91' lang='lat' dir='ltr'><strong>sequar</strong></span> <span class='ocrx_word' id='word_1_232' title='bbox 1252 1764 1463 1804; x_wconf 77' lang='lat' dir='ltr'><strong>fortunam,</strong></span> <span class='ocrx_word' id='word_1_233' title='bbox 1515 1763 1674 1815; x_wconf 88' lang='lat' dir='ltr'><strong>Quibus</strong></span> 
     </span>
     <span class='ocr_line' id='line_1_26' title="bbox 333 1826 1672 1881; baseline 0.003 -14"><span class='ocrx_word' id='word_1_234' title='bbox 333 1829 432 1867; x_wconf 83' lang='lat' dir='ltr'><strong>haec</strong></span> <span class='ocrx_word' id='word_1_235' title='bbox 449 1827 633 1867; x_wconf 87' lang='lat' dir='ltr'><strong>salutaria</strong></span> <span class='ocrx_word' id='word_1_236' title='bbox 648 1827 846 1876; x_wconf 87' lang='lat' dir='ltr'><strong>uidentur,</strong></span> <span class='ocrx_word' id='word_1_237' title='bbox 861 1827 1064 1878; x_wconf 86' lang='lat' dir='ltr'><strong>agitedum</strong></span> <span class='ocrx_word' id='word_1_238' title='bbox 1079 1827 1119 1866; x_wconf 90' lang='lat' dir='ltr'><strong>in</strong></span> <span class='ocrx_word' id='word_1_239' title='bbox 1135 1829 1313 1868; x_wconf 85' lang='lat' dir='ltr'><strong>dextram</strong></span> <span class='ocrx_word' id='word_1_240' title='bbox 1327 1826 1482 1880; x_wconf 85' lang='lat' dir='ltr'><strong>partem</strong></span> <span class='ocrx_word' id='word_1_241' title='bbox 1501 1831 1672 1881; x_wconf 88' lang='lat' dir='ltr'><strong>pedibus</strong></span> 
     </span>
    </p>

    <p class='ocr_par' dir='ltr' id='par_1_10' title="bbox 258 1894 1685 2349">
     <span class='ocr_line' id='line_1_27' title="bbox 258 1894 1673 1946; baseline 0.003 -14"><span class='ocrx_word' id='word_1_242' title='bbox 258 1894 314 1941; x_wconf 87' lang='lat'><strong>36</strong></span> <span class='ocrx_word' id='word_1_243' title='bbox 333 1894 521 1933; x_wconf 89' lang='lat' dir='ltr'><strong>transite.’</strong></span> <span class='ocrx_word' id='word_1_244' title='bbox 568 1894 721 1934; x_wconf 90' lang='lat' dir='ltr'><strong>Omnes</strong></span> <span class='ocrx_word' id='word_1_245' title='bbox 741 1894 1004 1942; x_wconf 88' lang='lat' dir='ltr'><strong>transierunt;</strong></span> <span class='ocrx_word' id='word_1_246' title='bbox 1033 1894 1331 1945; x_wconf 87' lang='lat' dir='ltr'><strong>uadentemque</strong></span> <span class='ocrx_word' id='word_1_247' title='bbox 1350 1908 1421 1946; x_wconf 91' lang='lat' dir='ltr'><strong>per</strong></span> <span class='ocrx_word' id='word_1_248' title='bbox 1449 1895 1673 1936; x_wconf 86' lang='lat' dir='ltr'><strong>intermissa</strong></span> 
     </span>
     <span class='ocr_line' id='line_1_28' title="bbox 297 1959 1685 2019; baseline 0.002 -19"><span class='ocrx_word' id='word_1_249' title='bbox 297 1979 311 2000; x_wconf 91' lang='lat'><strong>2</strong></span> <span class='ocrx_word' id='word_1_250' title='bbox 333 1959 523 1999; x_wconf 89' lang='lat' dir='ltr'><strong>custodiis</strong></span> <span class='ocrx_word' id='word_1_251' title='bbox 544 1961 631 1999; x_wconf 87' lang='lat' dir='ltr'><strong>loca</strong></span> <span class='ocrx_word' id='word_1_252' title='bbox 661 1959 831 1999; x_wconf 90' lang='lat' dir='ltr'><strong>Decium</strong></span> <span class='ocrx_word' id='word_1_253' title='bbox 861 1959 986 1999; x_wconf 90' lang='lat' dir='ltr'><strong>secuti</strong></span> <span class='ocrx_word' id='word_1_254' title='bbox 1017 1967 1120 2000; x_wconf 87' lang='lat' dir='ltr'><strong>sunt.</strong></span> <span class='ocrx_word' id='word_1_255' title='bbox 1182 1962 1269 2000; x_wconf 87' lang='lat' dir='ltr'><strong>Iam</strong></span> <span class='ocrx_word' id='word_1_256' title='bbox 1301 1969 1510 2002; x_wconf 85' lang='lat' dir='ltr'><strong>euaserant</strong></span> <span class='ocrx_word' id='word_1_257' title='bbox 1541 1962 1685 2019; x_wconf 38' lang='lat' dir='ltr'><strong>media·</strong></span> 
     </span>
     <span class='ocr_line' id='line_1_29' title="bbox 332 2026 1674 2080; baseline 0.003 -16"><span class='ocrx_word' id='word_1_258' title='bbox 332 2033 469 2073; x_wconf 89' lang='lat' dir='ltr'><strong>castra,</strong></span> <span class='ocrx_word' id='word_1_259' title='bbox 506 2039 598 2065; x_wconf 91' lang='lat' dir='ltr'><strong>cum</strong></span> <span class='ocrx_word' id='word_1_260' title='bbox 629 2027 944 2077; x_wconf 90' lang='lat' dir='ltr'><strong>superscandens</strong></span> <span class='ocrx_word' id='word_1_261' title='bbox 976 2026 1142 2077; x_wconf 87' lang='lat' dir='ltr'><strong>uigilum</strong></span> <span class='ocrx_word' id='word_1_262' title='bbox 1176 2035 1296 2066; x_wconf 88' lang='lat' dir='ltr'><strong>strata</strong></span> <span class='ocrx_word' id='word_1_263' title='bbox 1331 2041 1475 2067; x_wconf 90' lang='lat' dir='ltr'><strong>somno</strong></span> <span class='ocrx_word' id='word_1_264' title='bbox 1508 2041 1674 2080; x_wconf 89' lang='lat' dir='ltr'><strong>corpora</strong></span> 
     </span>
     <span class='ocr_line' id='line_1_30' title="bbox 374 2129 1526 2174; baseline 0.001 -11"><span class='ocrx_word' id='word_1_265' title='bbox 374 2133 396 2163; x_wconf 91' lang='lat'><strong>6</strong></span> <span class='ocrx_word' id='word_1_266' title='bbox 420 2131 495 2172; x_wconf 90' lang='lat' dir='ltr'><strong>ipse</strong></span> <span class='ocrx_word' id='word_1_267' title='bbox 516 2131 563 2162; x_wconf 86' lang='lat' dir='ltr'><strong>ed.</strong></span> <span class='ocrx_word' id='word_1_268' title='bbox 582 2131 680 2164; x_wconf 82' lang='lat' dir='ltr'><strong>Frob.</strong></span> <span class='ocrx_word' id='word_1_269' title='bbox 702 2141 781 2171; x_wconf 88' lang='lat'><strong>1531</strong></span> <span class='ocrx_word' id='word_1_270' title='bbox 801 2141 808 2161; x_wconf 93' lang='lat'>:</span> <span class='ocrx_word' id='word_1_271' title='bbox 835 2130 900 2171; x_wconf 91' lang='lat' dir='ltr'><strong>ipsi</strong></span> <span class='ocrx_word' id='word_1_272' title='bbox 924 2129 1362 2172; x_wconf 78' lang='lat' dir='ltr'><strong>MPFUpOHTDLA¹(ex</strong></span> <span class='ocrx_word' id='word_1_273' title='bbox 1377 2131 1459 2172; x_wconf 86' lang='lat' dir='ltr'><strong>ipsis</strong></span> <span class='ocrx_word' id='word_1_274' title='bbox 1474 2132 1526 2174; x_wconf 84' lang='lat' dir='ltr'><strong>A)</strong></span> 
     </span>
     <span class='ocr_line' id='line_1_31' title="bbox 331 2173 1678 2216; baseline 0.001 -10"><span class='ocrx_word' id='word_1_275' title='bbox 331 2177 476 2206; x_wconf 83' lang='lat' dir='ltr'><strong>arcuerit</strong></span> <span class='ocrx_word' id='word_1_276' title='bbox 491 2174 566 2206; x_wconf 84' lang='lat' dir='ltr'><strong>dett.</strong></span> <span class='ocrx_word' id='word_1_277' title='bbox 585 2175 659 2216; x_wconf 79' lang='lat' dir='ltr'><strong>aliq.</strong></span> <span class='ocrx_word' id='word_1_278' title='bbox 676 2187 682 2207; x_wconf 71' lang='grc' dir='ltr'>ι</span> <span class='ocrx_word' id='word_1_279' title='bbox 708 2174 879 2206; x_wconf 85' lang='lat' dir='ltr'><strong>arcuerint</strong></span> <span class='ocrx_word' id='word_1_280' title='bbox 899 2174 969 2205; x_wconf 79' lang='lat' dir='ltr'><strong>A2:</strong></span> <span class='ocrx_word' id='word_1_281' title='bbox 997 2175 1147 2214; x_wconf 85' lang='lat' dir='ltr'><strong>arguerit</strong></span> <span class='ocrx_word' id='word_1_282' title='bbox 1169 2173 1305 2215; x_wconf 85' lang='lat' dir='ltr'><strong>PFUp:</strong></span> <span class='ocrx_word' id='word_1_283' title='bbox 1330 2176 1507 2215; x_wconf 84' lang='lat' dir='ltr'><strong>arguerint</strong></span> <span class='ocrx_word' id='word_1_284' title='bbox 1527 2175 1678 2207; x_wconf 83' lang='lat' dir='ltr'><em>MOHT</em></span> 
     </span>
     <span class='ocr_line' id='line_1_32' title="bbox 332 2218 1538 2260; baseline 0.001 -11"><span class='ocrx_word' id='word_1_285' title='bbox 332 2218 431 2249; x_wconf 89' lang='lat' dir='ltr'><strong>DLA</strong></span> <span class='ocrx_word' id='word_1_286' title='bbox 589 2219 852 2251; x_wconf 88' lang='lat' dir='ltr'><strong>circumdederit</strong></span> <span class='ocrx_word' id='word_1_287' title='bbox 872 2218 1010 2260; x_wconf 84' lang='lat' dir='ltr'><strong>PFUp:</strong></span> <span class='ocrx_word' id='word_1_288' title='bbox 1034 2219 1274 2250; x_wconf 86' lang='lat' dir='ltr'><strong>circumderint</strong></span> <span class='ocrx_word' id='word_1_289' title='bbox 1292 2218 1538 2251; x_wconf 85' lang='lat' dir='ltr'><em>MOHTDLA</em></span> 
     </span>
     <span class='ocr_line' id='line_1_33' title="bbox 334 2262 1268 2304; baseline 0.001 -12"><span class='ocrx_word' id='word_1_290' title='bbox 334 2272 369 2293; x_wconf 84' lang='lat'><strong>11</strong></span> <span class='ocrx_word' id='word_1_291' title='bbox 397 2263 555 2294; x_wconf 82' lang='lat' dir='ltr'><strong>salientes</strong></span> <span class='ocrx_word' id='word_1_292' title='bbox 571 2262 863 2304; x_wconf 76' lang='lat' dir='ltr'><strong>MPFUpOD³A²</strong></span> <span class='ocrx_word' id='word_1_293' title='bbox 879 2274 886 2293; x_wconf 91' lang='lat'>:</span> <span class='ocrx_word' id='word_1_294' title='bbox 912 2263 1080 2303; x_wconf 82' lang='lat' dir='ltr'><strong>pallentes</strong></span> <span class='ocrx_word' id='word_1_295' title='bbox 1096 2262 1268 2294; x_wconf 80' lang='lat' dir='ltr'><em>HTDLA</em></span> 
     </span>
     <span class='ocr_line' id='line_1_34' title="bbox 375 2305 1672 2349; baseline 0.002 -12"><span class='ocrx_word' id='word_1_296' title='bbox 375 2305 427 2345; x_wconf 88' lang='grc'><strong>36</strong></span> <span class='ocrx_word' id='word_1_297' title='bbox 447 2317 466 2337; x_wconf 84' lang='lat'><em>2</em></span> <span class='ocrx_word' id='word_1_298' title='bbox 491 2307 630 2347; x_wconf 89' lang='lat' dir='ltr'><strong>uigilum</strong></span> <span class='ocrx_word' id='word_1_299' title='bbox 644 2306 700 2337; x_wconf 77' lang='grc' dir='ltr'><strong>Μ2</strong></span> <span class='ocrx_word' id='word_1_300' title='bbox 717 2307 770 2338; x_wconf 87' lang='lat' dir='ltr'><strong>uel</strong></span> <span class='ocrx_word' id='word_1_301' title='bbox 783 2306 920 2349; x_wconf 80' lang='lat' dir='ltr'><strong>M¹(per</strong></span> <span class='ocrx_word' id='word_1_302' title='bbox 935 2306 1231 2347; x_wconf 53' lang='lat' dir='ltr'><strong>rasAFUpOHT²</strong></span> <span class='ocrx_word' id='word_1_303' title='bbox 1249 2307 1302 2338; x_wconf 82' lang='lat' dir='ltr'><strong>uel</strong></span> <span class='ocrx_word' id='word_1_304' title='bbox 1321 2307 1469 2338; x_wconf 82' lang='lat' dir='ltr'><em>T¹DLA</em></span> <span class='ocrx_word' id='word_1_305' title='bbox 1486 2318 1493 2338; x_wconf 92' lang='lat'>:</span> <span class='ocrx_word' id='word_1_306' title='bbox 1519 2307 1672 2349; x_wconf 86' lang='lat' dir='ltr'><strong>uigilium</strong></span> 
     </span>
    </p>
   </div>
   <div class='ocr_carea' id='block_1_3' title="bbox 331 2349 1672 2437">
    <p class='ocr_par' dir='ltr' id='par_1_11' title="bbox 331 2349 1672 2437">
     <span class='ocr_line' id='line_1_35' title="bbox 331 2349 1672 2394; baseline 0.003 -14"><span class='ocrx_word' id='word_1_307' title='bbox 331 2349 438 2380; x_wconf 83' lang='lat' dir='ltr'><strong>MPT</strong></span> <span class='ocrx_word' id='word_1_308' title='bbox 602 2357 708 2383; x_wconf 87' lang='lat' dir='ltr'><strong>strata</strong></span> <span class='ocrx_word' id='word_1_309' title='bbox 738 2362 860 2382; x_wconf 86' lang='lat' dir='ltr'><strong>somno</strong></span> <span class='ocrx_word' id='word_1_310' title='bbox 882 2349 1220 2394; x_wconf 79' lang='lat' dir='ltr'><strong>PUpOHTDL(sed</strong></span> <span class='ocrx_word' id='word_1_311' title='bbox 1232 2351 1476 2393; x_wconf 81' lang='lat' dir='ltr'><strong>sonno)A(sed</strong></span> <span class='ocrx_word' id='word_1_312' title='bbox 1488 2353 1649 2394; x_wconf 71' lang='lat' dir='ltr'><strong>sompno)</strong></span> <span class='ocrx_word' id='word_1_313' title='bbox 1663 2362 1672 2384; x_wconf 74' lang='grc' dir='ltr'><strong>ε</strong></span> 
     </span>
     <span class='ocr_line' id='line_1_36' title="bbox 331 2394 1656 2437; baseline 0.002 -11"><span class='ocrx_word' id='word_1_314' title='bbox 331 2399 456 2426; x_wconf 84' lang='lat' dir='ltr'><strong>stratas</strong></span> <span class='ocrx_word' id='word_1_315' title='bbox 471 2395 611 2427; x_wconf 90' lang='lat' dir='ltr'><strong>omnino</strong></span> <span class='ocrx_word' id='word_1_316' title='bbox 629 2395 671 2426; x_wconf 93' lang='lat' dir='ltr'><em>M</em></span> <span class='ocrx_word' id='word_1_317' title='bbox 685 2395 757 2435; x_wconf 83' lang='lat' dir='ltr'><strong>(sed</strong></span> <span class='ocrx_word' id='word_1_318' title='bbox 769 2400 874 2427; x_wconf 87' lang='lat' dir='ltr'><strong>strata</strong></span> <span class='ocrx_word' id='word_1_319' title='bbox 891 2394 933 2425; x_wconf 91' lang='lat' dir='ltr'><em>M</em></span> <span class='ocrx_word' id='word_1_320' title='bbox 935 2394 948 2414; x_wconf 85' lang='lat'>²</span> <span class='ocrx_word' id='word_1_321' title='bbox 965 2395 1018 2426; x_wconf 83' lang='lat' dir='ltr'><strong>uel</strong></span> <span class='ocrx_word' id='word_1_322' title='bbox 1031 2394 1072 2425; x_wconf 93' lang='lat' dir='ltr'><em>M</em></span> <span class='ocrx_word' id='word_1_323' title='bbox 1077 2395 1086 2416; x_wconf 91' lang='lat'>¹</span> <span class='ocrx_word' id='word_1_324' title='bbox 1100 2401 1162 2436; x_wconf 75' lang='lat' dir='ltr'><strong>per</strong></span> <span class='ocrx_word' id='word_1_325' title='bbox 1175 2396 1259 2437; x_wconf 78' lang='lat' dir='ltr'><strong>ras.)</strong></span> <span class='ocrx_word' id='word_1_326' title='bbox 1278 2406 1285 2426; x_wconf 76' lang='grc' dir='ltr'><strong><em>ε</em></strong></span> <span class='ocrx_word' id='word_1_327' title='bbox 1311 2401 1423 2427; x_wconf 86' lang='lat' dir='ltr'><strong>castra</strong></span> <span class='ocrx_word' id='word_1_328' title='bbox 1440 2406 1561 2428; x_wconf 88' lang='lat' dir='ltr'><strong>somno</strong></span> <span class='ocrx_word' id='word_1_329' title='bbox 1577 2395 1656 2428; x_wconf 78' lang='lat' dir='ltr'><strong>P²F</strong></span> 
     </span>
    </p>
   </div>
  </div>
 </body>
</html>
