1722 2748
458 135 531 171 AB
560 133 711 170 VRBE
743 131 1002 185 CONDITA
1268 130 1326 168 VI
1349 140 1401 178 24
1425 145 1457 166 ιι

69 241 206 282 enixae
225 255 344 293 opem
365 249 403 282 et
422 242 571 289 Volsci,
594 256 673 293 qua
693 242 816 281 modo
835 241 1021 280 simulato
1052 248 1158 280 metu
1189 247 1400 295 cesserant,

68 321 114 347 ea
134 306 173 346 in
195 321 328 347 ueram
349 309 481 359 fugam
509 307 632 356 effusi,
652 321 795 359 magna
821 321 910 359 pars
934 314 973 347 et
1001 306 1042 347 in
1072 308 1159 358 ipso
1188 308 1403 346 certamine
1435 299 1440 305 ’

69 381 107 412 et
138 381 227 424 post
263 374 301 412 in
334 374 424 424 suga
451 373 565 421 caesi,
599 373 717 413 ceteri
744 373 784 412 in
815 373 952 413 castris
978 386 1080 425 quae
1111 380 1225 424 capta
1259 374 1401 413 eodem

71 438 218 490 impetu
240 446 331 478 sunt
348 454 356 487 ;
384 441 514 489 plures
536 447 668 478 tamen
690 439 792 491 capti
815 454 934 491 quam
956 439 1087 479 occisi.

125 504 202 543 Vbi
224 503 264 543 in
285 505 537 544 recensendis
558 504 725 556 captiuis
745 519 836 544 cum
859 506 1075 545 Tusculani
1104 504 1254 557 aliquot
1278 504 1405 545 nosci-
1424 512 1476 552 25

71 578 252 619 tarentur,
269 570 408 610 secreti
427 571 478 610 ab
498 570 582 610 aliis
602 572 654 611 ad
674 571 854 611 tribunos
869 572 1122 611 adducuntur
1141 572 1406 622 percontanti-

71 637 225 688 busque
245 637 336 676 fassi
358 636 519 687 publico
539 636 706 676 consilio
727 651 768 676 se
790 636 989 677 militasse.
1035 636 1160 678 Cuius
1180 644 1260 676 tam
1284 635 1404 675 uicini
1427 649 1442 670 2

71 701 163 742 belli
195 710 303 741 metu
337 701 528 742 Camillus
560 710 691 742 motus
718 702 916 753 extemplo
943 716 985 742 se
1020 704 1193 742 Romam
1225 702 1406 758 captiuos

71 768 283 807 ducturum
302 766 367 815 ait,
390 780 441 806 ne
460 774 589 818 patres
610 767 730 819 ignari
753 767 829 807 sint
856 769 1107 807 Tusculanos
1134 768 1187 808 ab
1217 767 1406 808 societate

72 831 269 873 descisse:
301 831 435 872 castris
469 832 736 884 exercituique
768 833 937 882 interim,
969 833 1001 873 si
1035 833 1226 881 uideatur,
1263 834 1406 884 praesit

72 898 232 949 collega.
277 899 532 937 Documento
554 912 655 938 unus
676 898 761 938 dies
779 900 912 947 suerat,
932 912 983 938 ne
996 912 1067 938 sua
1087 899 1251 938 consilia
1272 899 1408 938 melio-
1427 912 1446 944 3

72 962 179 1002 ribus
200 964 409 1014 praeferret
418 978 429 1012 ,-
457 977 532 1003 nec
554 972 687 1004 tamen
709 972 776 1004 aut
797 964 870 1015 ipsi
886 973 953 1004 aut
970 964 1010 1003 in
1027 964 1199 1004 exercitu
1219 965 1404 1015 cuiquam

73 1028 165 1068 satis
186 1030 340 1079 placato
356 1028 489 1068 animo
511 1029 702 1070 Camillus
724 1031 870 1069 laturus
891 1031 1047 1080 culpam
1074 1030 1157 1069 eius
1184 1030 1404 1077 uidebatur,

73 1108 152 1145 qua
177 1095 269 1133 data
299 1093 338 1132 in
368 1102 446 1133 tam
478 1094 731 1146 praecipitem
763 1109 895 1134 casum
932 1109 991 1135 res
1023 1096 1182 1146 publica
1214 1104 1315 1135 esset
1329 1111 1339 1145 ,⁴
1369 1105 1406 1136 et
1425 1107 1447 1139 4

74 1172 163 1198 cum
187 1158 224 1198 in
253 1159 426 1199 exercitu
454 1168 536 1199 tum
571 1163 725 1200 Romae
755 1169 941 1200 constans
972 1162 1150 1200 omnium
1183 1163 1286 1201 fama
1313 1170 1404 1210 erat,

75 1238 165 1263 cum
186 1224 293 1263 uaria
314 1227 467 1264 fortuna
482 1225 522 1264 in
536 1225 692 1265 Volscis
705 1234 814 1276 gesta
834 1240 892 1265 res
914 1235 1027 1274 esset,
1041 1228 1231 1266 aduersae
1251 1241 1407 1278 pugnae

76 1291 269 1341 fugaeque
294 1290 332 1329 in
361 1291 404 1329 L.
429 1291 546 1330 Furio
571 1293 740 1342 culpam,
764 1293 962 1331 secundae
990 1293 1112 1331 decus
1137 1305 1256 1332 omne
1286 1306 1407 1343 penes

79 1351 143 1398 M(
159 1356 316 1394 Furium
339 1369 436 1395 esse.
488 1356 729 1396 Introductis
746 1356 786 1395 in
807 1366 986 1396 senatum
1004 1358 1169 1408 captiuis
1191 1372 1280 1397 cum
1303 1346 1408 1398 bello
1428 1368 1446 1400 5

77 1422 371 1472 persequendos
394 1423 643 1461 Tusculanos
664 1429 793 1473 patres
820 1422 1066 1462 censuissent
1096 1423 1346 1474 Camilloque
1367 1423 1408 1463 id

78 1486 223 1526 bellum
247 1488 512 1536 mandassent,
530 1487 752 1527 adiutorem
775 1487 847 1527 sibi
869 1489 921 1527 ad
941 1501 1027 1527 eam
1049 1501 1130 1527 rem
1152 1502 1274 1527 unum
1298 1490 1407 1540 petit,

78 1552 349 1604 permissoque
369 1560 411 1591 ut
429 1567 475 1592 ex
495 1553 658 1604 collegis
677 1561 830 1603 optaret
850 1567 967 1604 quem
997 1555 1116 1593 uellet
1141 1561 1278 1593 contra
1298 1544 1407 1604 spem

78 1614 256 1654 omnium
288 1617 331 1654 L.
363 1615 522 1655 Furium
553 1615 731 1666 optauit3
758 1629 837 1667 qua
867 1615 1138 1655 moderatione
1167 1615 1287 1655 animi
1318 1630 1408 1655 cum
1429 1621 1449 1652 6

46 1671 252 1732 *collegae
286 1682 432 1739 leuauit
462 1681 664 1720 infamiam
697 1689 780 1720 tum
812 1681 885 1721 sibi
916 1681 1077 1732 gloriam
1113 1681 1312 1733 ingentem
1347 1695 1411 1733 pe-

78 1746 188 1797 perit.

135 1814 221 1853 Nec
253 1814 324 1854 suit
357 1829 447 1854 cum
485 1814 722 1854 Tusculanis
755 1814 930 1854 bellum:
972 1826 1069 1864 pace
1101 1812 1295 1853 constanti
1329 1814 1411 1852 uim

83 1880 305 1919 Romanam
329 1888 538 1920 arcuerunt
559 1894 679 1931 quam
699 1879 817 1919 armis
839 1893 918 1919 non
934 1886 1126 1930 poterant.
1168 1879 1412 1918 Intrantibus
1435 1889 1451 1924 7

81 1945 179 1984 fines
201 1947 394 1986 Romanis
418 1960 497 1986 non
520 1946 781 1998 demigratum
811 1959 856 1985 ex
887 1943 1118 1996 propinquis
1147 1943 1274 1984 itineri
1302 1944 1409 1992 locis,

14 2063 15 2066 Ἴ
81 2024 161 2050 non
194 2014 322 2052 cultus
355 2027 535 2065 agrorum
571 2012 843 2061 intermissus3
885 2010 1111 2062 patentibus
1146 2010 1268 2061 portis
1306 2011 1412 2050 urbis

0 2085 24 2134 fij?
81 2077 200 2128 togati
234 2079 394 2118 obuiam
429 2081 653 2129 frequentes
686 2077 988 2129 imperatoribus
1023 2089 1248 2127 processere
1265 2091 1274 2125 ;
1308 2089 1411 2116 com-

82 2151 233 2182 meatus
254 2144 437 2184 exercitui
461 2144 626 2183 comiter
655 2143 694 2182 in
722 2151 847 2182 castra
869 2157 915 2182 ex
935 2142 1032 2181 urbe
1053 2149 1091 2181 et
1112 2155 1157 2180 ex
1177 2140 1277 2192 agris
1297 2142 1412 2181 deue-

11 2255 32 2291 Ιιζ
125 2252 174 2288 25
198 2259 218 2279 2
241 2248 288 2280 ait
304 2247 565 2286 PFUpBOET¹
588 2248 641 2279 uel
660 2246 789 2278 T²DA²
806 2246 860 2278 uel
873 2245 945 2277 A³z
970 2250 1006 2277 ut
1022 2243 1159 2277 HTLA
1179 2254 1189 2276 ε
1208 2254 1273 2276 om.
1288 2244 1330 2276 M

16 2303 33 2323 ’.
82 2300 102 2331 5
118 2291 450 2332 petitMPFBOEH
456 2291 583 2322 TDLA
600 2303 607 2322 z
625 2291 722 2331 petiit
742 2290 793 2332 Up
894 2291 915 2320 6
931 2300 1015 2330 pace
1027 2313 1035 2321 .
1050 2313 1058 2321 .
1072 2312 1079 2320 .
1091 2293 1247 2329 poterant
1257 2299 1322 2320 om.
1341 2288 1372 2319 O

14 2337 35 2374 ἔξ
83 2345 165 2375 pace
192 2337 360 2367 constanti
382 2336 447 2366 uim
471 2334 919 2376 MPFUpBEHTQpacem
948 2332 1084 2373 T>D(ut
1097 2331 1271 2373 puto)A²:
1296 2342 1413 2372 pacem

13 2403 31 2414 «ἶ
83 2378 257 2410 constituit
297 2379 325 2409 L
340 2390 347 2408 :
390 2390 471 2419 pace
510 2378 684 2410 constituit
722 2378 754 2408 A
877 2381 1058 2409 arcuerunt
1085 2373 1174 2407 E³T¹
1208 2376 1261 2407 uel
1294 2374 1414 2406 T2D²⁶=

16 2433 28 2456 ‘ss
83 2428 258 2453 arcuerant
275 2423 423 2463 PFUpB
439 2435 445 2453 z
470 2427 656 2462 arguerunt
674 2421 914 2452 MEHTDLA
1051 2430 1068 2459 7
1094 2420 1203 2451 itineri
1220 2419 1266 2450 cd.
1283 2418 1413 2451 Mediol.

25 2463 35 2494 ’ᾖ
88 2475 169 2506 1505
185 2476 192 2496 ι
218 2465 351 2497 itineris
370 2464 794 2506 MPFUpBOEllTDLA
811 2475 817 2495 ι
847 2464 1021 2496 itineribus
1038 2464 1109 2496 dell.
1128 2467 1189 2494 {scs
