1722 2748
466 139 536 176 AB
567 139 719 177 VRBE
750 138 1010 178 CONDITA
1244 141 1326 178 vu
1348 149 1401 188 34
1426 155 1460 177 12

65 248 227 290 incessit
257 249 368 300 quod
404 261 478 288 nec
509 262 683 300 pugnarn
718 249 860 289 inirent
892 262 977 297 nec,
1012 248 1043 287 si
1072 249 1124 288 ab
1155 262 1204 289 eo
1237 250 1403 290 consilio

0 331 3 341 0
66 314 274 366 iniquitate
286 313 364 353 loci
385 315 683 363 deterrerentur,
701 327 821 366 opere
836 327 879 354 se
899 316 1085 365 ualloque
1101 314 1402 354 circumdarent.

0 929 11 1008 *ev-vm,
0 881 11 925 mv
0 838 10 867 ππ

67 382 175 419 Tum
209 378 508 419 centurionibus
538 381 590 418 ad
621 393 664 419 se
697 379 872 420 uocatis:
905 383 1124 431 ‘quaenam
1156 379 1221 419 illa
1250 380 1405 420 inscitia
1429 398 1464 428 13

68 445 162 485 belli
194 458 242 484 ae
268 444 424 496 pigritia
458 446 546 483 est?
573 452 641 484 aut
675 458 851 496 quonam
885 446 1009 484 modo
1042 444 1105 483 isti
1140 459 1186 484 ex
1220 445 1405 485 Sidicinis

68 509 367 561 Campanisque
387 509 592 549 uictoriam
614 513 882 561 pepererunt?
931 512 1028 550 Huc
1047 518 1167 562 atque
1186 511 1279 550 illuc
1295 511 1406 562 signa

69 575 221 615 moueri
240 589 288 614 ac
309 576 430 614 modo
451 575 490 613 in
512 589 635 614 unum
657 575 824 615 conferri
842 577 964 616 modo
985 576 1101 616 educi
1123 576 1267 616 uidetis
1273 592 1284 626 3
1304 590 1405 627 opus

69 641 233 694 quidem
254 640 392 692 incipit
414 654 543 689 nemo,
566 654 657 680 cum
679 642 756 680 iarn
779 642 1014 681 circumdati
1036 643 1141 681 uallo
1161 642 1405 693 potuerimus

71 721 168 748 esse.
226 709 333 746 Tum
363 720 458 746 uero
489 721 562 746 nos
591 707 738 747 similes
766 709 930 747 istorum
964 707 1098 757 simus,
1121 708 1152 747 si
1173 708 1321 748 diutius
1341 709 1405 748 hic
1429 723 1467 755 14

69 786 270 813 moremur
289 785 409 823 quarn
436 774 693 812 commodum
725 773 783 812 sit.
846 773 1060 824 Agitedum
1088 773 1141 813 ite
1168 787 1325 813 mecum
1350 781 1403 822 ut,

69 840 166 878 dum
183 838 280 877 lucis
293 836 443 888 aliquid
459 846 647 888 superest,
663 838 808 889 quibus
829 838 926 877 locis
942 838 1136 889 praesidia
1152 847 1314 890 ponant,
1329 852 1408 890 qua

70 911 202 955 pateat
222 903 314 941 hinc
335 902 470 950 exitus,
493 904 765 954 exploremus.’
818 905 934 943 Haec
954 904 1090 942 omnia
1109 905 1246 954 sagulo
1264 905 1407 955 gregali
1433 918 1466 950 15

69 968 238 1008 amictus
270 967 567 1007 centurionibus
599 968 692 1008 item
726 968 1031 1019 manipularium
1068 968 1238 1007 militum
1269 969 1408 1008 habitu

71 1033 212 1079 ductis,
233 1046 284 1072 ne
305 1034 449 1072 ducem
469 1033 675 1073 circumire
699 1035 832 1073 hostes
855 1041 1048 1081 notarent,
1072 1034 1335 1084 perlustrauit.

125 1098 279 1150 Vigiliis
310 1098 456 1138 deinde
487 1098 688 1149 dispositis
719 1098 858 1138 ceteris
891 1099 1078 1138 omnibus
1109 1107 1296 1139 tesseram
1326 1100 1409 1139 dari
1429 1102 1480 1141 35

0 1200 8 1222 :
72 1164 194 1213 iubet,
227 1164 296 1203 ubi
329 1165 528 1204 secundae
558 1165 714 1215 uigiliae
755 1164 901 1204 bucina
936 1166 1074 1204 datum
1107 1165 1262 1216 signum
1293 1174 1408 1214 esset,

73 1229 212 1270 armati
245 1243 336 1269 cum
368 1229 525 1269 silentio
564 1232 614 1270 ad
651 1243 693 1270 se
735 1232 1007 1270 conuenirent.
1066 1232 1160 1281 Quo
1191 1231 1272 1279 ubi,
1309 1231 1411 1271 sicut
1433 1243 1446 1263 2

0 1292 15 1331 ³3
73 1296 248 1336 edictum
280 1303 372 1344 erat,
395 1295 502 1335 taciti
536 1305 822 1345 conuenerunt,
860 1298 958 1336 ‘hoc
997 1296 1210 1345 silentium,
1242 1297 1410 1346 milites,’

0 1375 9 1417 J
74 1362 213 1414 inquit,
239 1366 247 1382 ‘
263 1363 412 1401 omisso
432 1361 587 1401 militari
608 1363 780 1401 adsensu
801 1362 841 1400 in
864 1375 928 1401 me
947 1361 1151 1401 audiendo
1171 1364 1410 1402 seruandum

74 1436 144 1468 est.
203 1427 283 1467 Vbi
322 1427 557 1467 sententiam
600 1441 727 1467 meam
765 1427 880 1467 uobis
912 1439 1109 1478 peregero,
1143 1435 1227 1467 tum
1267 1428 1412 1479 quibus

0 1502 14 1542 ξ
74 1495 216 1534 eadem
236 1494 451 1544 placebunt
472 1493 512 1532 in
535 1495 712 1533 dextram
739 1501 890 1545 partem
913 1493 1020 1533 taciti
1042 1493 1256 1533 transibitis
1271 1509 1282 1543 3
1311 1508 1412 1545 quae

74 1573 164 1611 pars
198 1559 322 1598 maior
355 1560 437 1607 erit,
474 1573 522 1599 eo
554 1559 719 1599 stabitur
753 1559 931 1599 consilio.
991 1561 1111 1599 Nunc
1146 1574 1248 1611 quae
1278 1564 1413 1600 mente
1434 1573 1451 1604 3

74 1625 220 1676 agitem
250 1626 396 1665 audite.
456 1627 548 1665 Non
575 1627 665 1676 fuga
702 1627 855 1665 delatos
889 1639 963 1665 nec
995 1625 1134 1665 inertia
1168 1626 1324 1666 relictos
1351 1626 1415 1666 hic

19 1704 25 1711 ¹
76 1705 148 1730 uos
169 1691 430 1731 circumuenit
451 1691 574 1730 hostis
594 1708 601 1731 z
633 1691 776 1731 uirtute
801 1691 958 1743 cepistis
987 1693 1130 1740 locum,
1154 1692 1299 1732 uirtute
1323 1692 1415 1731 hinc

76 1764 233 1808 oportet
253 1756 442 1797 euadatis.
482 1757 694 1797 Veniendo
714 1758 793 1797 huc
817 1756 1031 1796 exercitum
1047 1757 1243 1809 egregium
1265 1759 1416 1809 populo
1434 1770 1454 1799 4

79 1823 266 1861 Romano
284 1822 491 1862 seruastis:
522 1824 768 1874 erumpendo
796 1823 888 1861 hinc
927 1831 1083 1862 uosmet
1111 1822 1217 1874 ipsos
1237 1832 1418 1871 seruate3

77 1887 185 1939 digni
219 1887 311 1927 estis
336 1888 402 1939 qui
442 1888 556 1939 pauci
598 1888 774 1940 pluribus
808 1902 925 1939 opem
962 1888 1138 1937 tuleritis,
1169 1888 1241 1940 ipsi
1272 1889 1417 1928 nullius

53 2020 59 2025 .
125 2003 163 2033 13
187 1993 219 2024 in
243 2004 345 2024 unum
363 1993 509 2025 conferri
528 1994 626 2025 modo
643 1993 974 2035 MPFUpOHTAE:
999 2004 1064 2026 om.
1087 1992 1189 2024 DLA
1321 1994 1418 2025 educi

78 2036 182 2068 MPF
182 2036 306 2078 UpOH
312 2036 342 2068 Τ
341 2036 439 2068 DLA
458 2048 466 2069 :
489 2037 600 2069 diduci
623 2037 806 2073 lVerLssenb.,
827 2038 884 2068 sed
906 2037 1052 2069 codicum
1072 2037 1160 2069 lectio
1175 2048 1212 2068 ex
1231 2040 1246 2075 ξ
1263 2048 1285 2078 9
1301 2037 1417 2069 intelle-

72 2084 181 2122 gatur
347 2090 383 2121 14
415 2086 452 2112 ut
483 2081 561 2112 dum
594 2080 913 2123 PFUpOHTDLA
933 2092 940 2111 :
975 2087 1008 2112 et
1041 2082 1119 2113 dum
1155 2080 1244 2111 MA²
1276 2081 1330 2112 uel
1357 2081 1415 2118 AS,

69 2125 148 2165 fort.
166 2129 242 2156 recte
373 2125 451 2156 hinc
464 2123 515 2155 Α2
528 2124 579 2156 uel
589 2124 638 2155 AS
653 2136 660 2156 :
686 2125 738 2156 hic
755 2124 1115 2166 MPFUpOHTDLA
1258 2135 1296 2164 15
1310 2125 1419 2157 ductis

79 2167 376 2209 MPFUpHTDA
394 2179 401 2199 :
426 2169 547 2199 ductus
567 2168 648 2200 OL:
675 2179 789 2200 secum
809 2169 917 2200 ductis
935 2168 982 2200 M.
998 2169 1143 2207 Mueller,
1167 2179 1233 2200 non
1251 2170 1338 2200 male

123 2217 173 2252 35
197 2223 216 2252 4
242 2213 324 2244 estis
348 2211 450 2243 MPF
451 2211 576 2253 UpOH
582 2212 732 2243 TDLA:
757 2212 853 2244 eritis
879 2211 1120 2248 Luterbaclrer,·
1137 2212 1218 2252 sort.
1247 2218 1320 2244 este
1344 2214 1420 2244 scm'-

80 2254 235 2287 bendum.
281 2255 346 2287 Hic
366 2261 402 2286 ut
421 2259 498 2286 ante
513 2255 577 2296 ipsi
595 2255 822 2296 Luterbacher,
845 2259 920 2287 ante
936 2255 991 2296 qui
1009 2255 1056 2287 H.
1072 2256 1118 2294 J.‘
1130 2256 1270 2287 Mueller
1284 2258 1417 2298 supplet.

0 2319 13 2336 s
75 2304 260 2341 perperam,
279 2310 361 2330 nam
386 2299 482 2339 pauci
499 2323 507 2331 .
529 2324 536 2332 .
554 2325 560 2331 .
583 2300 728 2331 tuleritis
744 2303 774 2330 et
792 2299 856 2340 ipsi
875 2324 882 2331 .
903 2323 910 2331 .
933 2323 941 2331 .
961 2300 1125 2339 egueritis
1143 2300 1189 2331 sic
1206 2300 1373 2332 cohaerent
1385 2305 1422 2332 ut

0 2400 3 2427 ῑ

0 2439 3 2465 1

79 2342 174 2383 apud
195 2343 331 2375 Graecos
353 2342 413 2382 μέν
427 2368 434 2375 .
451 2367 460 2376 .
482 2368 488 2375 .
506 2342 539 2374 δέ
551 2353 558 2374 :
585 2342 715 2384 ideoque
741 2343 837 2383 pauci
855 2367 863 2375 .
884 2366 892 2374 .
913 2366 920 2374 .
938 2343 1082 2374 tuleritis
1105 2343 1191 2375 idem
1215 2345 1304 2376 ualet
1324 2349 1420 2385 atque

79 2396 155 2418 cum
171 2397 202 2427 p.
216 2391 261 2425 t.;
284 2391 314 2418 et
325 2386 416 2427 digni
430 2387 514 2419 estis
527 2388 583 2427 qui
602 2412 609 2419 .
627 2411 634 2419 .
656 2411 664 2421 .
683 2387 827 2418 tuleritis
843 2411 851 2419 .
873 2411 882 2420 .
903 2410 912 2419 .
934 2387 1098 2426 egueritis
1117 2387 1419 2420 mr‘lztaribreuitate

81 2429 204 2462 dz'ctum
221 2434 269 2461 est
281 2436 341 2472 pro
359 2431 450 2471 digni
467 2431 549 2462 estis
565 2431 621 2470 qui
640 2456 646 2462 .
665 2455 672 2463 .
694 2456 700 2463 .
720 2430 836 2462 tulisse
854 2455 862 2463 .
881 2453 888 2461 .
911 2455 916 2461 .
935 2431 1069 2470 eguisse
1087 2431 1243 2463 dicamini
