1722 2748
442 143 514 179 AB
543 142 695 179 VRBE
726 142 985 184 CONDITA
1258 145 1315 181 vl
1338 153 1388 191 37
1408 150 1427 183 6

53 265 249 303 occupare
279 251 384 293 soliti
413 252 503 301 sint,
530 261 567 292 et
594 254 645 292 ad
670 254 919 292 consulatum
947 255 1051 293 uiam
1081 253 1160 293 sieri
1191 267 1384 305 passuros,

27 316 30 318 ’
53 317 122 367 qui
143 317 387 357 tribunatum
408 326 588 369 saeptum
611 326 690 357 tam
711 318 780 358 diu
805 318 1044 358 habuerint?
1099 320 1185 370 lege
1209 318 1389 358 obtineri·
1412 323 1427 359 7

53 383 151 422 dum
171 397 258 424 esse
279 385 388 435 quod
405 384 575 424 comitiis
592 398 660 435 per
675 383 836 436 gratiam
853 393 1036 436 nequeat,
1053 392 1091 424 et
1112 386 1387 435 seponendum

53 455 160 487 extra
179 457 380 489 certamen
395 451 561 489 alterum
578 451 828 489 consulatum
849 451 901 489 ad
917 463 1035 501 quem
1058 449 1164 501 plebi
1180 450 1229 489 sit
1245 450 1385 498 aditus,

53 514 242 565 quoniam
263 514 303 554 in
324 515 539 555 certamine
561 515 717 555 relictus
739 514 954 566 praemium
978 529 1133 566 semper
1156 515 1388 566 potentioris

53 580 206 619 futurus
236 580 297 620 sit.
357 595 431 621 nec
451 580 527 620 iam
551 595 667 633 posse
688 580 765 621 dici
788 581 827 620 id
848 582 958 632 quod
978 590 1095 621 antea
1116 581 1258 621 iactare
1283 581 1388 621 soliti
1410 588 1428 618 8

54 645 142 693 sint,
167 659 249 684 non
279 659 365 685 esse
394 645 434 685 in
465 646 629 697 plebeiis
660 646 827 686 idoneos
857 646 962 686 uiros
992 648 1042 686 ad
1073 648 1226 686 curules
1252 649 1390 699 magis-

54 716 186 750 tratus.
245 710 412 762 numqui
432 713 538 751 enim
564 713 770 751 socordius
795 720 863 750 aut
893 712 1050 763 segnius
1078 726 1158 751 rem
1189 712 1388 763 publicam

52 775 314 815 administrari
337 785 426 828 post
449 779 489 816 P.
514 777 645 817 Licini
668 777 783 819 Calui
807 777 1061 826 tribunatum,
1085 777 1153 829 qui
1174 778 1322 828 primus
1342 793 1387 818 ex

53 841 170 892 plebe
209 851 363 882 creatus
394 841 453 891 sit,
487 857 607 894 quam
638 856 707 894 per
737 856 805 883 eos
844 856 970 882 annos
1009 851 1118 894 gesta
1156 843 1205 883 sit
1243 844 1389 895 quibus

53 913 206 956 praeter
221 907 405 957 patricios
421 921 542 947 nemo
557 907 738 953 tribunus
756 907 922 947 militum
941 907 1084 948 fuerit?
1141 909 1237 960 quin
1253 917 1391 949 eontra
1410 922 1428 955 9

0 979 10 1008 r
54 971 238 1022 patricios
263 972 414 1024 aliquot
441 974 650 1014 damnatos
674 981 764 1025 post
794 974 1048 1023 tribunatum,
1080 977 1281 1015 neminem
1311 978 1389 1027 ple-

0 1078 5 1090 :
55 1037 203 1077 beium.
262 1047 489 1091 quaestores
516 1054 688 1091 quoque,
717 1040 818 1079 sicut
842 1040 1022 1080 tribunos
1051 1040 1230 1090 militum,
1253 1042 1389 1093 paucis

0 1096 3 1100 ’
53 1111 145 1143 ante
164 1103 278 1144 annis
299 1118 345 1145 ex
366 1106 482 1156 plebe
502 1114 665 1157 coeptos
686 1106 807 1146 creari
822 1120 897 1145 nec
913 1106 1029 1146 ullius
1044 1120 1180 1146 eorum
1198 1111 1388 1159 populum

55 1171 284 1210 Romanum
302 1171 551 1223 paenituisse.
603 1174 852 1212 consulatum
870 1186 1072 1223 superesse
1089 1173 1254 1224 plebeiis
1268 1189 1276 1221 ;
1301 1188 1387 1214 cam
1417 1192 1451 1213 ιο

54 1249 139 1274 esse
159 1249 290 1276 arcem
307 1236 508 1285 libertatis,
530 1236 569 1276 id
592 1239 789 1277 columen.
849 1238 880 1277 si
897 1252 945 1277 eo
966 1246 1198 1289 peruentum
1222 1239 1281 1287 sit,
1305 1247 1387 1279 tum

37 1302 246 1352 .populum
268 1303 496 1342 Romanum
518 1317 610 1342 uere
631 1311 789 1343 exactos
819 1317 867 1342 ex
887 1304 984 1343 urbe
1009 1317 1118 1355 reges
1143 1312 1181 1343 et
1208 1305 1389 1344 stabilem

0 1373 13 1401 f
54 1365 275 1406 libertatem
297 1381 407 1406 suam
424 1366 736 1406 existimaturum
751 1382 762 1416 ;
790 1367 937 1419 quippe
953 1381 1000 1408 ex
1015 1369 1080 1407 illa
1096 1370 1160 1407 die
1175 1368 1214 1407 in
1232 1370 1390 1419 plebem
1414 1387 1447 1410 11

2 1436 18 1483 ζ
54 1438 219 1470 uentura
232 1431 366 1471 omnia
378 1431 523 1483 quibus
538 1432 689 1483 patricii
701 1434 906 1481 excellant,
916 1432 1123 1484 imperium
1138 1441 1256 1484 atque
1270 1435 1391 1474 hono·

54 1509 148 1544 rem,
170 1496 330 1548 gloriam
359 1496 463 1545 belli,
485 1511 620 1548 genus,
641 1497 901 1546 nobilitatem,
925 1512 1067 1550 magna
1094 1498 1187 1549 ipsis
1214 1500 1390 1548 fruenda,

0 1567 18 1601 if
56 1560 202 1600 maiora
223 1561 352 1601 liberis
377 1561 647 1613 relinquenda.
762 1562 895 1602 Huius
922 1563 1076 1614 generis
1106 1563 1302 1603 orationes
1323 1565 1391 1604 ubi
1416 1578 1449 1599 12

0 1613 15 1668 i
53 1626 180 1677 accipi
200 1627 350 1676 uidere,
370 1641 517 1667 nouam
548 1627 794 1679 rogationem
814 1630 1075 1680 promulgant,
1098 1637 1140 1668 ut
1161 1643 1231 1680 pro
1251 1632 1391 1670 duum-

11 1680 19 1707 ’Τ
55 1692 147 1730 uiris
163 1692 282 1732 sacris
301 1692 497 1733 faciundis
517 1693 731 1733 decemuiri
749 1702 929 1734 creentur
950 1693 1002 1733 ita
1023 1702 1065 1733 ut
1086 1709 1174 1746 pars
1195 1709 1242 1736 ex
1261 1696 1389 1748 plebe,

16 1770 32 1803 ς,
55 1771 142 1808 pars
159 1772 205 1798 ex
218 1757 393 1810 patribus
410 1760 476 1798 fiat
492 1774 501 1808 3
522 1759 784 1810 omniumque
805 1773 938 1799 earum
960 1759 1208 1811 rogationum
1231 1761 1393 1809 comitia

8 1838 36 1869 ιτς,
52 1819 95 1861 vin
115 1824 334 1863 aduentum
354 1823 438 1864 eius
457 1826 648 1864 exercitus
669 1825 853 1864 differunt
872 1825 940 1876 qui
961 1825 1130 1865 Velitras
1150 1826 1371 1867 obsidebat.

111 1887 223 1928 Prius
244 1885 506 1928 circumactus
526 1898 584 1929 est
603 1903 732 1929 annus
753 1903 872 1940 quam
893 1904 916 1929 a
931 1890 1090 1930 Velitris
1111 1892 1392 1932 reducerentur
1410 1894 1462 1944 38

12 1952 256 2014 »olegiones3
298 1953 352 1993 ita
381 1968 574 2006 suspensa
602 1956 654 1995 de
688 1955 841 2006 legibus
876 1969 934 1995 res
968 1957 1019 1996 ad
1054 1970 1181 1997 nouos
1212 1957 1391 1998 tribunos

18 2015 225 2058 *militum
256 2019 402 2069 dilata3
435 2034 526 2059 nam
558 2020 686 2071 plebis
715 2021 894 2060 tribunos
922 2023 1096 2070 eosdem,
1129 2024 1230 2063 duos
1255 2023 1391 2076 utique

0 1009 7 1035 ,ff
0 964 4 975 ..
0 901 9 955 ‚fv-
0 863 9 895 ηρ

42 2152 43 2155 ,
100 2123 121 2154 8
145 2125 282 2164 numqui
303 2124 614 2166 MPFUpBOHT:
640 2127 799 2169 numquid
816 2126 918 2158 DLA
941 2127 988 2158 ed.
1010 2126 1106 2159 Frob.
1128 2137 1209 2168 1535
1334 2129 1390 2161 ad-

27 2167 29 2171 ’
56 2167 237 2199 ministrari
252 2168 300 2200 ed.
316 2168 408 2201 Frob.
428 2179 531 2210 1535:
560 2170 797 2202 administrare
812 2170 1216 2211 MPFUpBOHTDLA‚
1236 2174 1272 2212 cs:
1290 2182 1319 2212 3.
1340 2183 1390 2212 13.

32 2209 77 2246 ΓΒ
93 2210 171 2243 adn.
279 2218 356 2252 post
371 2212 420 2243 ecl.
435 2212 531 2245 Frob.
555 2223 637 2254 1535
653 2224 661 2244 :
685 2219 799 2255 potest
820 2220 898 2254 post
917 2214 1222 2256 MPFUpBOTD³
1236 2227 1244 2247 z
1269 2221 1393 2256 potens

29 2275 32 2298 t
55 2259 135 2295 post
152 2253 213 2286 H:
248 2260 363 2295 potest
387 2255 508 2287 D7LA
526 2267 533 2287 :
564 2267 667 2296 posse
692 2262 770 2297 post
793 2258 848 2288 Αἵ
869 2259 1048 2299 (corruptio
1074 2258 1129 2290 illa
1157 2259 1392 2291 administrare

28 2302 170 2338 21p0test
193 2303 257 2330 etc.
281 2298 322 2329 ab
343 2299 455 2339 aliquo
472 2300 616 2341 profheta
640 2301 773 2332 uidetur
791 2312 858 2333 esse
879 2302 940 2342 qui
960 2302 1098 2342 numqui
1113 2307 1298 2343 pronomen
1315 2314 1392 2335 casu

37 2383 42 2385 ‚
55 2343 137 2377 redo
153 2352 219 2373 esse
234 2341 342 2374 uoluit
348 2353 362 2380 ,·
379 2343 447 2375 nisi
467 2343 581 2375 mauis
597 2344 854 2386 (administrari)
873 2349 996 2386 putent
1012 2356 1051 2376 ex
1065 2345 1192 2377 lectione
1207 2346 1392 2378 Harleiana

30 2387 35 2414 ἐ
58 2385 232 2417 νιεΙιἹιιενεῖ
829 2393 833 2397 ’

44 2456 49 2463 .,
101 2427 148 2469 38
177 2439 190 2460 1
217 2429 326 2471 plebis
345 2428 423 2460 ΟΑ1
445 2430 497 2461 uel
511 2430 632 2461 A‘-’D‘-’:
659 2431 778 2472 plebes
797 2431 1119 2473 MPFUpBHTDL
1139 2445 1145 2464 :
1170 2433 1265 2474 plebs
1282 2433 1315 2464 A

32 2473 196 2507 iscosdcm
215 2498 222 2504 .
243 2498 250 2505 .
270 2498 277 2505 .
298 2473 419 2505 tribuni
437 2485 501 2505 om.
525 2475 555 2505 O
