1722 2748
199 137 311 175 VIII
334 147 389 175 20
413 146 430 174 S
827 139 947 176 ΤΙΤΙ
982 140 1099 177 LIVI

244 258 263 288 9
282 247 474 286 aduersus
493 248 635 287 aedem
652 247 822 297 Quirini.
861 251 927 287 ’De
941 256 1079 287 senatu
1098 248 1325 289 Priuernate
1340 249 1395 290 ita
1406 251 1622 300 decretum,

282 319 326 351 ut
346 312 415 364 qui
439 320 598 352 senator
618 313 795 352 Priuerni
821 321 911 365 post
935 313 1202 354 defectionem
1222 315 1276 355 ab
1296 315 1491 356 Romanis
1517 329 1625 356 man-

282 377 397 417 sisset
430 385 536 418 trans
563 378 741 418 Tiberim
779 380 867 430 lege
900 381 1042 418 eadem
1076 393 1156 430 qua
1188 380 1382 420 Veliterni
1416 381 1621 421 habitaret.

225 459 263 481 10
284 445 363 483 His
384 445 438 483 ita
467 443 637 484 decretis
666 457 794 495 usque
819 446 873 484 ad
906 444 1152 496 triumphum
1184 445 1314 485 Plauti
1341 446 1542 486 silentium
1571 448 1624 487 de

283 509 579 550 Priuernatibus
599 510 672 550 suit
690 525 700 560 ;
728 518 819 562 post
838 510 1085 562 triumphum
1108 513 1249 551 consul
1276 520 1420 552 necato
1439 512 1623 552 Vitruuio

281 576 480 628 sociisque
500 576 585 616 eius
605 590 732 616 noxae
752 577 860 628 apud
880 576 1041 615 satiatos
1067 575 1148 615 iam
1167 577 1371 628 suppliciis
1391 577 1622 618 nocentium

223 656 256 678 ιι
279 650 404 681 tutam
426 642 673 682 mentionem
689 643 741 681 de
762 641 1057 682 Priuernatibus
1070 650 1189 690 ratus,
1212 645 1222 664 ‘
1235 643 1426 694 quoniam
1441 651 1622 684 auctores

279 708 515 748 defectionis
530 710 539 726 '
558 707 687 760 inquit
708 710 717 727 ‘
735 707 894 747 meritas
924 720 1075 759 poenas
1101 714 1142 747 et
1169 708 1222 747 ab
1246 707 1308 748 dis
1332 707 1621 749 immortalibus

279 782 319 813 et
339 788 362 813 a
378 774 497 830 *uobis
519 774 680 822 habent,
703 782 833 825 patres
853 773 1078 825 conscripti,
1100 775 1199 825 quid
1226 776 1357 826 placet
1381 776 1434 815 de
1461 774 1621 816 innoxia

223 859 256 881 ω
280 839 536 880 multitudine
557 839 639 879 fieri
654 842 672 879 P
729 839 942 891 Equidem,
965 839 1038 879 etsi
1065 852 1179 879 meae
1203 847 1335 890 partes
1355 840 1620 892 exquirendae

279 906 404 958 magis
438 906 658 946 sententiae
692 920 812 957 quam
845 907 1003 945 dandae
1034 913 1138 954 sunt,
1166 912 1312 954 tamen,
1341 920 1434 945 cum
1461 907 1620 946 uideam

279 974 528 1012 Priuernates
549 971 704 1011 uicinos
725 971 968 1011 Samnitibus
987 985 1084 1019 esse,
1109 972 1216 1011 unde
1235 984 1343 1011 nunc
1363 971 1480 1011 nobis
1499 971 1621 1012 incer-

279 1038 429 1079 tissima
455 1052 530 1090 pax
559 1046 629 1085 est,
653 1051 773 1088 quam
804 1037 1014 1076 minimum
1045 1036 1190 1076 irarum
1219 1036 1322 1076 inter
1350 1050 1424 1076 nos
1452 1036 1620 1090 illosque

277 1103 445 1155 relinqui
465 1103 584 1143 uelim
602 1105 621 1142 ’.

211 1179 257 1208 21
331 1169 437 1210 Cum
454 1168 539 1220 ipsa
554 1182 623 1220 per
643 1181 685 1208 se
701 1182 761 1207 res
781 1182 930 1221 anceps
943 1176 1056 1217 esset,
1072 1175 1190 1220 prout
1209 1168 1403 1220 cuiusque
1415 1168 1617 1221 ingenium

276 1243 359 1275 erat
392 1235 564 1275 atrocius
598 1234 785 1274 mitiusue
816 1235 1087 1283 suadentibus,
1125 1243 1214 1288 QQ
1242 1235 1450 1275 incertiora
1482 1237 1618 1276 omnia

275 1315 378 1341 unus
399 1315 447 1341 ex
469 1300 765 1340 Priuernatibus
784 1296 1046 1352 legatis'fecit,
1071 1301 1196 1352 magis
1214 1296 1463 1340 condicionis
1484 1301 1525 1340 in
1537 1314 1616 1352 qua

240 1384 255 1406 ι
275 1375 392 1407 natus
412 1374 516 1407 esset
537 1380 658 1418 quam
683 1366 902 1418 praesentis
930 1366 1178 1406 necessitatis
1206 1380 1361 1406 memor
1373 1362 1485 1437 3&
1501 1366 1614 1408 inter-

273 1441 432 1485 rogatus
452 1447 476 1472 a
495 1434 672 1484 quodam
688 1431 866 1471 tristioris
880 1432 1102 1472 sententiae
1120 1439 1282 1472 auctore
1302 1446 1422 1484 quam
1442 1447 1612 1485 poenam

274 1501 436 1539 meritos
457 1498 707 1538 Priuernates
727 1506 918 1548 censeret,
944 1502 953 1520 ‘
969 1513 1058 1538 eam
1071 1500 1081 1518 '
1101 1499 1232 1550 inquit
1252 1502 1394 1550 ‘quarn
1415 1508 1615 1541 merentur

236 1580 255 1611 3
273 1565 342 1618 qui
362 1579 405 1606 se
425 1565 605 1604 libertate
625 1564 768 1616 dignos
788 1573 954 1605 censent
969 1566 989 1604 '.
1026 1565 1154 1606 Cuius
1171 1579 1264 1605 cum
1284 1566 1406 1605 feroci
1422 1579 1614 1617 responso

272 1631 495 1671 infestiores
519 1632 644 1670 factos
670 1630 824 1670 uideret
847 1632 989 1670 consul
1013 1644 1082 1671 eos
1103 1630 1172 1682 qui
1200 1638 1294 1670 ante
1323 1631 1612 1671 Priuernatium

271 1711 433 1736 causam
454 1696 754 1748 impugnabant,
777 1703 820 1736 ut
841 1695 925 1748 ipse
943 1696 1118 1748 benigna
1144 1695 1451 1747 interrogatione
1479 1696 1612 1736 mitius

234 1776 251 1807 4
272 1776 506 1813 responsum
538 1761 708 1810 eliceret,
747 1762 869 1814 ‘quid
900 1761 933 1801 si
962 1762 1158 1813 poenam'
1191 1761 1320 1813 inquit
1356 1762 1612 1802 ‘remittimus

271 1828 399 1876 uobis,
422 1829 582 1879 qualem
611 1841 684 1868 nos
713 1841 853 1879 pacem
883 1827 1094 1868 uobiscum
1123 1827 1328 1867 habituros
1354 1830 1613 1880 speremus?'

274 1894 337 1934 ‘Si
370 1894 517 1934 bonam
548 1893 761 1942 dederitis,'
791 1893 919 1945 inquit
949 1897 1014 1933 ‘et
1046 1895 1168 1933 fidam
1202 1901 1242 1934 et
1275 1902 1532 1945 perpetuam3
1579 1895 1610 1935 si

233 1973 251 2004 5
271 1962 428 2010 malam,
452 1961 561 2000 haud
581 1959 834 1999 diuturnam.’
872 1961 980 1999 Tum
999 1973 1096 1999 uero
1115 1959 1256 1999 minari
1271 1973 1346 1999 nec
1365 1959 1408 1999 id
1425 1959 1612 2012 ambigue

273 2027 543 2067 Priuernatem
565 2026 730 2078 quidam
750 2034 791 2066 et
810 2025 886 2066 illis
898 2025 1069 2066 uocibus
1087 2027 1140 2065 ad
1160 2027 1434 2065 rebellandum
1457 2026 1610 2066 incitari

234 2102 253 2134 6
272 2101 435 2145 pacatos
459 2094 630 2145 populos
649 2107 659 2142 ;
686 2106 776 2144 pars
803 2091 942 2132 melior
968 2100 1128 2132 senatus
1148 2093 1201 2132 ad
1222 2091 1402 2132 molliora
1421 2105 1609 2144 responsa

315 2207 356 2231 21
384 2210 396 2232 1
423 2211 460 2231 se
477 2197 821 2240 PFUpOHTDLA:
847 2208 924 2229 sece
942 2197 1004 2230 M:
1034 2207 1112 2230 sese
1129 2197 1211 2229 Lov.
1228 2208 1248 2237 4
1352 2207 1439 2229 unus
1455 2196 1611 2238 MPFUp

274 2243 433 2275 OT²A2:
457 2254 573 2274 uerum
591 2243 647 2274 H:
682 2253 807 2274 uenum
838 2241 964 2273 TDLA
1122 2243 1144 2272 6
1169 2241 1288 2273 melior
1314 2240 1609 2282 MPFUpOHTD

271 2287 336 2319 LA
353 2301 358 2319 ε
383 2287 498 2319 mitior
514 2288 636 2325 Duker,
646 2286 726 2326 fort.
746 2290 823 2318 recte
940 2285 1092 2317 molliora
1101 2286 1305 2325 scripsimus,
1317 2285 1416 2316 Gron.
1429 2285 1611 2320 semtifflec

271 2332 404 2363 mitiora
433 2331 606 2372 displiceat,
639 2331 680 2369 ιγ’.
715 2331 887 2362 mitiorem
923 2330 957 2361 in
991 2334 1122 2371 partem
1162 2329 1389 2370 interpretari.
1425 2327 1486 2360 Cic.
1515 2327 1606 2360 Mur.

269 2385 323 2415 31.
350 2377 408 2417 64)
427 2387 434 2406 :
469 2375 610 2406 meliora
634 2374 863 2415 MPFUpOH
870 2373 992 2405 TDLA
1013 2384 1021 2411 ;
1056 2375 1116 2404 uix
1137 2373 1222 2404 credi
1239 2376 1342 2413 potest
1365 2372 1506 2404 Liuium
1532 2382 1608 2403 uoce

269 2419 389 2451 melior
412 2420 462 2450 hic
485 2418 532 2450 bis
557 2429 660 2450 usum
682 2429 748 2449 esse
857 2427 1024 2459 responsa
1051 2416 1251 2458 MPUpOH
1256 2416 1383 2447 TDLA
1406 2419 1437 2447 et
1455 2415 1534 2456 fort.
1552 2415 1588 2447 F
1597 2426 1604 2447 :

269 2473 473 2504 responsum
490 2462 523 2492 F
526 2462 539 2482 ³
557 2462 621 2494 cod.
646 2461 756 2494 Klock.
776 2461 884 2494 Drak.
905 2463 934 2503 (e
951 2461 1052 2494 Gron.
1079 2463 1140 2501 qui
1159 2461 1201 2492 ad
1227 2459 1378 2491 molliora
1402 2469 1603 2500 responsum

269 2511 331 2538 aut
345 2507 386 2538 ad
405 2507 540 2537 mollius
556 2516 720 2545 responsa
736 2506 852 2541 uoluit)

1702 2375 1707 2404 ‘3
