1722 2748
648 148 676 183 P
683 144 971 183 RAEFATIO

140 262 427 316 neglegentiam
455 258 594 313 prioris
623 257 776 298 scribae
803 269 857 295 an
882 262 922 294 et
953 254 1006 294 ob
1041 267 1157 293 suum
1186 252 1362 292 taedium
1377 249 1475 289 ¹—si

139 329 354 380 aliquando
374 327 522 366 menda
539 324 673 372 habet,
697 321 730 362 si
755 321 974 372 aliquando
991 326 1104 367 errat,
1125 317 1159 357 si
1184 317 1338 369 ignorat
1357 314 1409 368 (e.
1421 315 1476 367 g.)

139 393 208 433 ubi
237 393 279 432 in
306 400 415 432 textu
445 391 645 430 clausulae
672 387 762 427 illae
783 403 821 438 9.
850 400 886 435 4.
923 400 997 435 123
1037 396 1072 436 5.
1102 386 1152 433 63
1191 386 1226 422 6.
1255 397 1326 431 123
1367 397 1402 434 9.
1429 393 1474 431 17

140 458 393 511 reponendae
426 454 693 506 sint‚-—etiam
727 451 936 492 Palinurus
969 450 1055 503 ipse
1093 448 1199 490 diem
1235 455 1476 498 noctemque

139 523 363 563 discernere
381 529 498 574 neget
518 534 637 572 posse
654 519 768 559 caelo
786 518 891 557 adeo
909 517 1125 556 obscurato
1144 513 1209 566 (cf.
1234 528 1269 564 9.
1290 525 1323 564 7.
1344 527 1363 552 2
1385 513 1476 552 adn.

139 588 209 628 ubi
240 587 521 644 marginalibus
558 599 720 637 operam
759 584 896 624 dando
934 596 1055 622 uoces
1089 580 1130 620 in
1163 587 1351 620 contextu
1389 578 1478 630 ipso

140 653 341 707 neglegit).
400 651 726 692 Praecauendum
747 657 806 688 est
825 647 940 700 igitur
965 661 1017 687 ne
1046 645 1088 686 in
1106 645 1168 686 his
1193 644 1370 697 partibus
1390 658 1480 683 auc-

141 719 297 760 toritate
328 717 514 767 Medicei,
537 724 741 767 tamquam
771 715 801 754 si
823 722 926 754 esset
956 714 1096 754 eadem
1126 726 1173 752 ac
1202 710 1243 751 in
1270 710 1478 763 prioribus,

141 784 351 827 abducaris
366 799 378 835 ;
405 783 550 824 ueritas
571 781 677 822 enim
696 780 863 820 Liuiana
876 795 957 821 non
978 794 1049 831 per
1063 792 1187 819 unum
1204 776 1387 817 codicem
1408 777 1478 817 sed
1524 784 1532 789 ’

143 865 212 903 per
231 853 378 891 multos
398 848 674 899 inuestiganda
693 854 763 887 est.

194 917 300 968 §41.
330 918 539 955 Postremo
565 915 616 953 de
648 911 962 952 Mediceo'illud
989 909 1386 950 commemorandum
1408 915 1476 956 est,

144 983 284 1035 nequis
323 982 571 1022 inconsultus
610 969 726 1019 abeat
764 980 983 1028 sedemque
1028 975 1199 1027 Sibyllae
1238 975 1391 1015 oderit:
1440 973 1477 1012 in

144 1049 301 1088 duobus
337 1046 434 1087 locis
462 1039 761 1096 casu‘quodam
794 1043 999 1094 archetypi
1033 1055 1114 1093 quo
1147 1039 1322 1081 Medicei
1353 1039 1481 1080 scriba

143 1128 237 1154 usus
257 1121 315 1153 est
330 1112 424 1152 folia
441 1111 659 1163 aliquando
675 1111 731 1149 sic
745 1109 982 1149 conturbata
997 1115 1089 1147 sunt
1109 1114 1152 1147 ut
1174 1108 1281 1146 hunc
1299 1107 1480 1147 ordinem

145 1179 392 1230 acciperent:

201 1244 260 1296 (a)
290 1245 339 1283 In
359 1242 621 1294 quaternione
649 1249 793 1281 octauo
818 1240 977 1280 decimo
1003 1253 1040 1291 p.
1069 1239 1145 1288 14‚²
1171 1240 1245 1278 col.
1272 1253 1290 1277 2
1318 1238 1394 1277 sub
1414 1238 1479 1276 fin.

145 1317 234 1362 post
261 1322 383 1348 uoces
412 1309 664 1359 impromptus
690 1308 793 1358 quod
818 1305 871 1357 (7.
903 1319 940 1354 4.
972 1306 1014 1357 6)
1044 1305 1236 1345 continuo
1265 1310 1484 1354 sequuntur

145 1381 338 1428 caeperent
356 1373 446 1427 (sic)
466 1375 618 1425 signum
637 1371 690 1426 (c.
718 1386 779 1420 14.
803 1371 846 1424 8)
865 1385 993 1422 usque
1011 1371 1065 1410 ad
1083 1383 1226 1421 oraque
1245 1370 1373 1408 litores
1392 1367 1484 1420 (sic)

146 1455 198 1479 an
227 1440 278 1492 (c.
309 1453 368 1491 25.
401 1434 427 1488 4
456 1440 567 1491 quod
591 1439 632 1477 in
659 1444 768 1489 quat.
789 1436 863 1485 xix,
899 1451 936 1488 p.
963 1448 996 1486 7,
1028 1437 1102 1475 col.
1134 1449 1153 1474 2
1182 1433 1365 1486 incidit);
1393 1440 1485 1485 post

147 1520 250 1558 quae
277 1507 472 1546 continuo
501 1512 723 1556 sequuntur
751 1516 872 1543 uoces
898 1508 1063 1540 naturae
1089 1503 1275 1540 damnum
1302 1499 1354 1551 (c.
1384 1512 1419 1547 4.
1444 1500 1484 1551 6)

147 1586 273 1623 usque
294 1572 345 1611 ad
370 1585 488 1623 quam
508 1571 557 1608 ab
575 1583 613 1609 se
637 1583 684 1608 ac
699 1568 742 1621 (i.
758 1582 790 1608 e.
821 1569 1011 1619 syllabam
1032 1566 1199 1618 primam
1221 1564 1333 1605 uerbi
1354 1566 1486 1615 accipe-

146 1642 234 1676 rent
248 1651 282 1677 c.
311 1651 368 1686 14.
393 1636 459 1690 8);
488 1635 557 1675 ubi
579 1634 634 1674 sic
653 1635 706 1674 ad
725 1649 763 1685 p.
791 1636 850 1683 16,
872 1635 946 1673 col.
975 1648 990 1672 1
1015 1631 1285 1683 quaternionis
1305 1630 1484 1671 eiusdem

147 1710 383 1754 peruentum
415 1709 485 1749 est,
519 1709 670 1740 rectum
701 1713 859 1739 cursum
894 1705 1004 1738 tenet
1037 1698 1207 1736 narratio
1238 1696 1289 1735 ab
1318 1695 1487 1735 uocibus

148 1769 257 1807 tiatis
274 1770 504 1817 laurensque
522 1779 555 1806 c.
581 1780 600 1804 2
607 1778 640 1817 5.
665 1779 698 1814 4.

201 1832 256 1886 (b)
289 1834 337 1872 In
359 1833 620 1883 quaternione
640 1830 832 1870 uicesimo
852 1831 968 1870 tertio
988 1843 1024 1880 p.
1045 1841 1104 1880 15,
1121 1830 1194 1868 col.
1218 1842 1232 1866 1
1258 1835 1348 1879 post
1367 1840 1488 1867 uoces

147 1911 191 1936 ea
223 1899 410 1947 legatione
439 1897 632 1948 Papirius
662 1895 716 1947 (9.
753 1910 811 1944 14.
841 1894 883 1949 2)
911 1894 1055 1946 scripta
1089 1901 1181 1933 sunt
1214 1894 1294 1932 uim
1330 1893 1488 1932 Samnis

143 1964 299 2016 potitur
333 1960 384 2015 (c.
423 1977 483 2002 22.
530 1961 595 2016 11)
628 1975 755 2012 usque
791 1962 843 2000 ad
874 1961 1044 1999 etruriae
1076 1959 1194 1998 amici
1222 1956 1272 2010 (c.
1310 1971 1372 2006 40.
1416 1971 1464 1995 20
1481 1971 1489 2004 3

150 2036 329 2080 quatern.
361 2027 461 2075 xxiv,
493 2042 530 2079 p.
570 2041 628 2076 14,
659 2029 734 2066 col.
771 2026 835 2080 2);
873 2034 963 2078 post
992 2038 1095 2076 quae
1121 2031 1340 2075 sequuntur
1369 2036 1489 2062 uoces

195 2161 206 2181 ¹
232 2163 349 2201 Longo
366 2161 481 2193 labore
495 2166 621 2192 certum
636 2167 689 2192 cst
706 2159 858 2192 desetisci
875 2170 981 2199 saepe
992 2159 1120 2190 scribas
1135 2168 1142 2198 ;
1166 2157 1292 2198 aliquot
1308 2156 1487 2196 clausulas,

152 2214 184 2245 id
207 2214 295 2254 quod
319 2217 420 2255 antea
440 2223 516 2244 raro
538 2213 674 2254 fecerat,
701 2213 737 2244 in
760 2212 855 2243 libris
877 2210 1006 2242 ultimis
1026 2208 1267 2251 praetermittit
1287 2207 1491 2240 parisiensis

152 2265 204 2296 uir
227 2275 357 2295 summa
378 2264 592 2303 constantia;
618 2274 722 2304 opere
741 2264 797 2294 uix
817 2262 1011 2304 gratissimo
1028 2260 1182 2292 confecto
1198 2260 1365 2291 exclamat
1381 2260 1491 2292 scriba

153 2322 271 2348 noster
293 2314 514 2355 Agennensis
543 2316 650 2346 ‘deo‘
659 2314 791 2355 gracias
816 2313 948 2346 Amen’
968 2324 976 2353 ;
1004 2318 1038 2344 et
1064 2311 1288 2344 Floriacensis
1317 2311 1350 2342 in
1374 2310 1491 2343 ultima

154 2369 279 2410 pagina
295 2370 413 2401 scribit
433 2369 598 2401 ‘Alleluia
615 2370 658 2401 all
671 2370 691 2402 ’.

197 2421 211 2443 ²
236 2422 274 2454 In
293 2422 356 2455 hoc
373 2423 489 2454 codice
507 2423 653 2463 paginae
671 2433 738 2454 non
758 2423 958 2454 indicantur.

810 2477 847 2516 xi
