1722 2748
464 152 535 189 AB
566 152 715 189 VRBE
747 151 1008 190 CONDITA
1247 154 1352 191 VIII
1375 160 1400 201 5
1425 169 1436 191 1

65 270 134 299 est.
196 261 258 299 Ibi
285 274 376 300 cum
404 263 452 300 T.
476 262 650 300 Manlius
680 263 819 300 consul
850 261 992 312 egisset
1027 275 1118 300 cum
1147 262 1202 301 eis
1233 276 1280 301 ex
1313 275 1400 302 auc-

64 324 221 365 toritate
240 334 395 377 patrum
430 339 480 366 ne
509 325 751 366 Samnitibus
780 326 991 366 foederatis
1022 328 1172 366 bellum
1200 328 1397 376 inferrent,

63 390 231 440 Annius,
267 400 475 443 tamquam
513 392 640 432 uictor
676 392 794 431 armis
827 393 1071 443 Capitolium
1104 392 1284 443 cepisset,
1319 407 1399 432 non
1423 410 1438 432 2

64 457 212 507 legatus
232 456 316 497 iure
334 456 514 508 gentium
534 464 642 497 tutus
661 459 896 508 loqueretur,
923 460 1102 508 ‘tempus
1132 466 1214 498 erat
1231 459 1238 475 ’
1259 458 1397 510 inquit,
1422 477 1439 507 3

65 523 133 560 ‘T.
157 522 286 561 Manli
307 536 462 573 uosque
481 531 610 573 patres
630 513 853 573 conscripti,
882 524 1046 562 tandem
1075 523 1153 561 iam
1174 538 1247 563 uos
1269 524 1399 564 nobis-

61 599 154 625 cum
186 586 282 625 nihil
322 600 393 638 pro
432 587 597 638 imperio
628 601 753 638 agere,
787 601 879 626 cum
917 587 1242 627 florentissimum
1277 591 1398 628 deum

61 650 305 702 benignitate
324 651 459 706 [nunc]
480 652 637 692 Latium
661 653 780 692 armis
807 653 991 704 uirisque,
1016 654 1258 693 Samnitibus
1291 656 1398 694 bello

61 716 187 766 uictis,
220 717 405 758 Sidicinis
440 718 736 770 Campanisque
774 719 902 767 sociis,
940 732 1047 758 nunc
1086 720 1205 759 etiam
1239 721 1396 760 Volscis

59 782 270 832 adiunctis,
290 784 478 824 uideretis
493 799 503 832 ;
531 784 708 824 colonias
737 773 1077 836 quoque⁴uestras
1107 786 1293 826 Latinum
1318 790 1397 827 Ro-

61 861 180 888 mano
199 851 427 900 praetulisse
455 850 674 902 imperium.
735 853 813 890 Sed
846 851 1036 902 quoniam
1070 866 1142 891 uos
1177 866 1298 904 regno
1328 855 1395 892 im-
1417 862 1438 892 4

61 915 213 965 potenti
234 917 354 955 finem
379 925 422 955 ut
447 916 659 967 imponatis
691 930 774 956 non
804 917 991 956 inducitis
1026 917 1064 956 in
1095 918 1284 966 animum,
1309 933 1392 967 nos,

59 993 302 1032 quamquam
322 983 438 1021 armis
466 995 677 1033 possumus
705 983 886 1023 adserere
912 982 1068 1022 Latium
1094 984 1134 1022 in
1161 983 1394 1034 libertatem,

58 1046 391 1098 consanguinitati
426 1055 560 1086 tamen
593 1049 671 1087 hoc
703 1048 888 1086 dabimus
925 1056 967 1087 ut
998 1048 1257 1089 condiciones
1287 1050 1395 1101 pacis

59 1111 228 1150 feramus
247 1124 393 1162 aequas
414 1111 602 1162 utrisque,
625 1112 813 1162 quoniam
835 1112 938 1152 uires
965 1126 1126 1164 quoque
1153 1115 1312 1165 aequari
1333 1115 1395 1154 dis

58 1175 346 1216 immortalibus
378 1177 535 1228 placuit.
607 1178 825 1217 Consulem
853 1180 1020 1217 alterum
1053 1180 1194 1227 Roma,
1227 1181 1393 1220 alterum
1418 1190 1435 1221 5

57 1253 105 1280 ex
126 1242 241 1281 Latio
261 1242 381 1282 creari
411 1250 576 1294 oportet,
600 1251 760 1282 senatus
789 1251 939 1294 partem
965 1257 1133 1295 aequam
1162 1233 1209 1284 eii·
1230 1254 1394 1297 utraque

57 1314 174 1357 gente
194 1321 292 1355 esse,
314 1322 437 1347 unum
460 1310 664 1360 populum,
687 1323 807 1348 unam
830 1323 911 1349 rem
933 1310 1132 1360 publicam
1156 1311 1262 1360 fieri,
1293 1321 1331 1352 et
1352 1321 1394 1352 ut
1416 1316 1435 1347 6

58 1371 211 1424 imperii
231 1374 371 1413 eadem
393 1375 507 1414 sedes
528 1374 575 1413 sit
597 1373 785 1426 idemque
806 1375 993 1415 omnibus
1022 1389 1180 1423 nomen,
1205 1378 1391 1428 quoniam

1 1481 10 1494 ⁴
56 1438 108 1476 ab
144 1439 266 1478 altera
297 1447 382 1478 utra
416 1448 524 1490 parte
558 1440 726 1479 concedi
766 1454 928 1480 necesse
967 1449 1036 1487 est,
1071 1443 1180 1491 quod
1219 1444 1395 1494 utrisque

58 1503 160 1564 bene
187 1513 323 1572 uer-that,
353 1505 401 1544 sit
429 1507 527 1544 haec
551 1519 644 1544 sane
673 1506 795 1557 patria
825 1505 953 1556 potior
988 1514 1025 1545 et
1054 1507 1227 1546 Romani
1255 1521 1394 1548 omnes

57 1571 278 1609 uocemur'.

112 1637 227 1675 Forte
263 1636 315 1676 ita
341 1636 496 1684 accidit,
531 1645 572 1676 ut
612 1651 745 1688 parem
788 1637 955 1676 ferociae
996 1637 1111 1676 huius
1147 1646 1184 1676 et
1220 1638 1433 1682 Romani?

55 1703 261 1741 consulem
282 1704 328 1741 T.
355 1702 551 1742 Manlium
574 1703 775 1750 haberent,
799 1702 866 1753 qui
899 1704 1002 1742 adeo
1030 1716 1110 1741 non
1142 1704 1267 1743 tenuit
1299 1706 1394 1744 iram

56 1774 109 1813 ut,
147 1766 178 1805 si
222 1775 330 1806 tanta
369 1768 571 1807 dementia
610 1767 1026 1827 patres0conscriptos
1066 1768 1234 1819 cepisset
1269 1778 1311 1809 ut
1344 1771 1395 1810 ab

56 1833 193 1872 Setino
213 1833 377 1879 homine
398 1835 502 1884 leges
531 1833 766 1886 acciperent,
792 1833 924 1884 gladio
957 1833 1131 1872 cinctum
1154 1834 1191 1873 in
1214 1843 1395 1875 senatum

57 1907 267 1938 uenturum
298 1913 340 1938 se
370 1912 455 1938 esse
485 1901 615 1951 palam
646 1899 795 1939 diceret
826 1907 864 1938 et
899 1911 1194 1949 quemcumque
1223 1901 1261 1939 in
1290 1902 1396 1940 curia

58 1965 243 2003 Latinum
264 1964 427 2004 uidisset
448 1979 519 2004 sua
540 1979 660 2004 manu
684 1965 1023 2016 interempturum.
1097 1966 1147 2003 Et
1179 1979 1395 2005 conuersus
1414 1971 1433 2002 8

54 2032 106 2070 ad
133 2030 385 2070 simulacrum
409 2033 529 2080 Iouis,
554 2031 679 2079 ‘audi,
705 2030 893 2082 Iuppiter,
920 2032 1018 2070 haec
1051 2032 1220 2070 scelera'
1241 2031 1368 2081 inquit
1389 2047 1395 2077 ;

59 2095 224 2142 ‘audite‚
264 2097 331 2134 Ius
368 2098 531 2147 Fasque.
594 2098 823 2147 Peregrinos
857 2098 1040 2135 consules
1075 2104 1113 2135 et
1145 2097 1393 2147 peregrinum

717 1576 773 1586 κ

100 2207 123 2243 5
142 2212 162 2242 3
181 2212 269 2234 nunc
289 2203 475 2244 PFUpOH
483 2203 607 2234 TDLA
624 2215 632 2235 z
653 2209 733 2235 tunc
759 2202 798 2233 M
811 2215 818 2234 :
842 2203 1011 2244 Madvigii
1032 2205 1162 2235 monitu
1188 2204 1393 2241 seclusimus,

57 2251 137 2277 tunc
154 2257 234 2277 mox
248 2247 283 2277 in
303 2257 390 2278 nunc
411 2258 545 2278 uersum
559 2247 726 2288 glossema
748 2247 816 2278 rati
833 2257 900 2287 quo
913 2247 1061 2287 sortasse
1083 2247 1206 2288 aliquis
1230 2249 1295 2280 iam
1318 2259 1394 2279 cum

56 2290 277 2322 coniuncttbne
290 2300 365 2321 cum
383 2290 501 2322 melius
516 2290 707 2332 coniungere
723 2291 863 2322 uoluerit
1010 2302 1029 2331 4
1055 2291 1173 2332 im(uel
1188 2291 1395 2333 iii->ponatis

58 2332 403 2373 PFUpOHTDLA:
431 2334 633 2374 inponamus
659 2333 698 2364 M
721 2334 779 2373 (sc.
809 2345 848 2365 ex
873 2336 1069 2374 possumus)
1235 2347 1254 2376 5
1283 2335 1394 2367 Roma

0 2391 2 2420 g
58 2376 379 2418 PFUpOHTfflA:
409 2387 534 2408 romam
553 2376 657 2408 MDL
676 2377 749 2417 (sed
768 2381 880 2409 tamen
904 2379 1010 2410 creari
1036 2389 1112 2409 cum
1137 2383 1246 2420 cett.):
1279 2390 1393 2412 romae

58 2420 132 2453 dett.
149 2420 243 2461 alt'q.:
270 2421 459 2453 Romanum
477 2421 557 2452 olim
580 2420 751 2453 Weissenb.

125 2487 212 2509 iil-u
1264 2480 1306 2511 10
