<?xml version="1.0" encoding="UTF-8"?>
<!DOCTYPE html PUBLIC "-//W3C//DTD XHTML 1.0 Transitional//EN"
    "http://www.w3.org/TR/xhtml1/DTD/xhtml1-transitional.dtd">
<html xmlns="http://www.w3.org/1999/xhtml" xml:lang="en" lang="en">
 <head>
  <title>
</title>
<meta http-equiv="Content-Type" content="text/html;charset=utf-8" />
  <meta name='ocr-system' content='tesseract 3.04.00' />
  <meta name='ocr-capabilities' content='ocr_page ocr_carea ocr_par ocr_line ocrx_word'/>
</head>
<body>
  <div class='ocr_page' id='page_1' title='image "./aburbeconditarec02livyuoft_0158.png"; bbox 0 0 1722 2748; ppageno 0'>
   <div class='ocr_carea' id='block_1_1' title="bbox 242 139 1127 186">
    <p class='ocr_par' dir='ltr' id='par_1_1' title="bbox 242 139 1127 186">
     <span class='ocr_line' id='line_1_1' title="bbox 242 139 1127 186; baseline 0.006 -10"><span class='ocrx_word' id='word_1_1' title='bbox 242 139 326 177; x_wconf 82' lang='lat' dir='ltr'><strong>vu</strong></span> <span class='ocrx_word' id='word_1_2' title='bbox 348 148 402 186; x_wconf 86' lang='lat'><strong>34</strong></span> <span class='ocrx_word' id='word_1_3' title='bbox 424 155 442 185; x_wconf 72' lang='lat'><strong>2,</strong></span> <span class='ocrx_word' id='word_1_4' title='bbox 853 143 976 181; x_wconf 89' lang='lat' dir='ltr'>T1T1</span> <span class='ocrx_word' id='word_1_5' title='bbox 1008 143 1127 181; x_wconf 83' lang='lat' dir='ltr'>L1v1</span> 
     </span>
    </p>
   </div>
   <div class='ocr_carea' id='block_1_2' title="bbox 275 245 1722 2142">
    <p class='ocr_par' dir='ltr' id='par_1_2' title="bbox 275 245 1722 2142">
     <span class='ocr_line' id='line_1_2' title="bbox 328 245 1722 301; baseline 0.006 -13"><span class='ocrx_word' id='word_1_6' title='bbox 328 248 573 289; x_wconf 89' lang='lat' dir='ltr'><strong>Samnitibus</strong></span> <span class='ocrx_word' id='word_1_7' title='bbox 595 257 654 289; x_wconf 91' lang='lat' dir='ltr'><strong>est</strong></span> <span class='ocrx_word' id='word_1_8' title='bbox 681 251 816 301; x_wconf 90' lang='lat' dir='ltr'><strong>quoad</strong></span> <span class='ocrx_word' id='word_1_9' title='bbox 846 257 975 290; x_wconf 89' lang='lat' dir='ltr'><strong>totum</strong></span> <span class='ocrx_word' id='word_1_10' title='bbox 1003 250 1043 290; x_wconf 92' lang='lat' dir='ltr'><strong>in</strong></span> <span class='ocrx_word' id='word_1_11' title='bbox 1073 252 1215 291; x_wconf 87' lang='lat' dir='ltr'><strong>uallem</strong></span> <span class='ocrx_word' id='word_1_12' title='bbox 1238 253 1415 292; x_wconf 84' lang='lat' dir='ltr'><strong>infimam</strong></span> <span class='ocrx_word' id='word_1_13' title='bbox 1443 254 1670 296; x_wconf 83' lang='lat' dir='ltr'><strong>demitteret</strong></span> <span class='ocrx_word' id='word_1_14' title='bbox 1721 245 1722 249; x_wconf 13' lang='grc' dir='ltr'><strong>Ἰ</strong></span> 
     </span>
     <span class='ocr_line' id='line_1_3' title="bbox 327 315 1669 369; baseline 0.004 -15"><span class='ocrx_word' id='word_1_15' title='bbox 327 327 483 365; x_wconf 83' lang='lat' dir='ltr'><strong>agmen,</strong></span> <span class='ocrx_word' id='word_1_16' title='bbox 508 317 551 355; x_wconf 93' lang='lat' dir='ltr'><strong>P.</strong></span> <span class='ocrx_word' id='word_1_17' title='bbox 575 315 724 356; x_wconf 87' lang='lat' dir='ltr'><strong>Decius</strong></span> <span class='ocrx_word' id='word_1_18' title='bbox 745 315 927 356; x_wconf 89' lang='lat' dir='ltr'><strong>tribunus</strong></span> <span class='ocrx_word' id='word_1_19' title='bbox 949 316 1119 357; x_wconf 88' lang='lat' dir='ltr'><strong>militum</strong></span> <span class='ocrx_word' id='word_1_20' title='bbox 1146 317 1341 369; x_wconf 85' lang='lat' dir='ltr'><strong>conspicit</strong></span> <span class='ocrx_word' id='word_1_21' title='bbox 1362 333 1486 359; x_wconf 90' lang='lat' dir='ltr'><strong>unum</strong></span> <span class='ocrx_word' id='word_1_22' title='bbox 1517 321 1669 361; x_wconf 91' lang='lat' dir='ltr'><strong>editum</strong></span> 
     </span>
     <span class='ocr_line' id='line_1_4' title="bbox 329 380 1670 432; baseline 0.004 -12"><span class='ocrx_word' id='word_1_23' title='bbox 329 380 368 419; x_wconf 93' lang='lat' dir='ltr'><strong>in</strong></span> <span class='ocrx_word' id='word_1_24' title='bbox 390 382 491 420; x_wconf 89' lang='lat' dir='ltr'><strong>saltu</strong></span> <span class='ocrx_word' id='word_1_25' title='bbox 512 383 667 430; x_wconf 88' lang='lat' dir='ltr'><strong>collem,</strong></span> <span class='ocrx_word' id='word_1_26' title='bbox 691 381 969 422; x_wconf 88' lang='lat' dir='ltr'><strong>imminentem</strong></span> <span class='ocrx_word' id='word_1_27' title='bbox 998 382 1173 422; x_wconf 90' lang='lat' dir='ltr'><strong>hostium</strong></span> <span class='ocrx_word' id='word_1_28' title='bbox 1200 383 1347 432; x_wconf 88' lang='lat' dir='ltr'><strong>castris,</strong></span> <span class='ocrx_word' id='word_1_29' title='bbox 1370 384 1480 424; x_wconf 89' lang='lat' dir='ltr'><strong>aditu</strong></span> <span class='ocrx_word' id='word_1_30' title='bbox 1501 387 1670 426; x_wconf 85' lang='lat' dir='ltr'><strong>arduum</strong></span> 
     </span>
     <span class='ocr_line' id='line_1_5' title="bbox 289 445 1671 502; baseline 0.005 -18"><span class='ocrx_word' id='word_1_31' title='bbox 289 463 309 493; x_wconf 86' lang='lat'>4</span> <span class='ocrx_word' id='word_1_32' title='bbox 328 445 523 497; x_wconf 90' lang='lat' dir='ltr'><strong>impedito</strong></span> <span class='ocrx_word' id='word_1_33' title='bbox 543 447 702 498; x_wconf 84' lang='lat' dir='ltr'><strong>agmini,</strong></span> <span class='ocrx_word' id='word_1_34' title='bbox 726 448 921 499; x_wconf 88' lang='lat' dir='ltr'><strong>expeditis</strong></span> <span class='ocrx_word' id='word_1_35' title='bbox 943 449 1051 488; x_wconf 89' lang='lat' dir='ltr'><strong>haud</strong></span> <span class='ocrx_word' id='word_1_36' title='bbox 1079 448 1293 488; x_wconf 85' lang='lat' dir='ltr'><strong>difficilem.</strong></span> <span class='ocrx_word' id='word_1_37' title='bbox 1354 451 1496 502; x_wconf 90' lang='lat' dir='ltr'><strong>Itaque</strong></span> <span class='ocrx_word' id='word_1_38' title='bbox 1515 451 1671 491; x_wconf 91' lang='lat' dir='ltr'><strong>consuli</strong></span> 
     </span>
     <span class='ocr_line' id='line_1_6' title="bbox 328 512 1672 565; baseline 0.004 -14"><span class='ocrx_word' id='word_1_39' title='bbox 328 512 463 552; x_wconf 90' lang='lat' dir='ltr'><strong>territo</strong></span> <span class='ocrx_word' id='word_1_40' title='bbox 482 512 604 552; x_wconf 89' lang='lat' dir='ltr'><strong>animi</strong></span> <span class='ocrx_word' id='word_1_41' title='bbox 628 517 638 534; x_wconf 90' lang='lat'>‘</span> <span class='ocrx_word' id='word_1_42' title='bbox 651 513 819 553; x_wconf 90' lang='lat' dir='ltr'><strong>uidesne</strong></span> <span class='ocrx_word' id='word_1_43' title='bbox 840 515 903 553; x_wconf 89' lang='lat' dir='ltr'><strong>tu&#39;</strong></span> <span class='ocrx_word' id='word_1_44' title='bbox 926 513 1064 565; x_wconf 90' lang='lat' dir='ltr'><strong>inquit,</strong></span> <span class='ocrx_word' id='word_1_45' title='bbox 1092 518 1101 535; x_wconf 77' lang='lat'><strong><em>⁴</em></strong></span> <span class='ocrx_word' id='word_1_46' title='bbox 1117 516 1163 553; x_wconf 90' lang='lat' dir='ltr'><strong>A.</strong></span> <span class='ocrx_word' id='word_1_47' title='bbox 1180 514 1353 564; x_wconf 89' lang='lat' dir='ltr'><strong>Corneli,</strong></span> <span class='ocrx_word' id='word_1_48' title='bbox 1367 529 1561 556; x_wconf 88' lang='lat' dir='ltr'><strong>cacumen</strong></span> <span class='ocrx_word' id='word_1_49' title='bbox 1573 516 1672 557; x_wconf 90' lang='lat' dir='ltr'><strong>illud</strong></span> 
     </span>
     <span class='ocr_line' id='line_1_7' title="bbox 327 579 1669 631; baseline 0.004 -13"><span class='ocrx_word' id='word_1_50' title='bbox 327 591 447 629; x_wconf 87' lang='lat' dir='ltr'><strong>supra</strong></span> <span class='ocrx_word' id='word_1_51' title='bbox 467 580 653 619; x_wconf 87' lang='lat' dir='ltr'><strong>hostem?</strong></span> <span class='ocrx_word' id='word_1_52' title='bbox 710 593 776 618; x_wconf 88' lang='lat' dir='ltr'><strong>arx</strong></span> <span class='ocrx_word' id='word_1_53' title='bbox 807 579 872 618; x_wconf 84' lang='lat' dir='ltr'><strong>illa</strong></span> <span class='ocrx_word' id='word_1_54' title='bbox 893 588 952 619; x_wconf 88' lang='lat' dir='ltr'><strong>est</strong></span> <span class='ocrx_word' id='word_1_55' title='bbox 974 579 1058 631; x_wconf 82' lang='lat' dir='ltr'><strong>spei</strong></span> <span class='ocrx_word' id='word_1_56' title='bbox 1080 579 1296 631; x_wconf 85' lang='lat' dir='ltr'><strong>salutisque</strong></span> <span class='ocrx_word' id='word_1_57' title='bbox 1316 589 1486 631; x_wconf 87' lang='lat' dir='ltr'><strong>nostrae,</strong></span> <span class='ocrx_word' id='word_1_58' title='bbox 1508 583 1541 623; x_wconf 89' lang='lat' dir='ltr'><strong>si</strong></span> <span class='ocrx_word' id='word_1_59' title='bbox 1568 596 1669 631; x_wconf 90' lang='lat' dir='ltr'><strong>eam,</strong></span> 
     </span>
     <span class='ocr_line' id='line_1_8' title="bbox 290 643 1671 697; baseline 0.004 -14"><span class='ocrx_word' id='word_1_60' title='bbox 290 658 307 690; x_wconf 87' lang='lat'>5</span> <span class='ocrx_word' id='word_1_61' title='bbox 328 643 520 695; x_wconf 89' lang='lat' dir='ltr'><strong>quoniam</strong></span> <span class='ocrx_word' id='word_1_62' title='bbox 541 644 648 684; x_wconf 89' lang='lat' dir='ltr'><strong>caeci</strong></span> <span class='ocrx_word' id='word_1_63' title='bbox 669 644 864 696; x_wconf 87' lang='lat' dir='ltr'><strong>reliquere</strong></span> <span class='ocrx_word' id='word_1_64' title='bbox 886 647 1099 693; x_wconf 87' lang='lat' dir='ltr'><strong>Samnites,</strong></span> <span class='ocrx_word' id='word_1_65' title='bbox 1121 645 1286 697; x_wconf 86' lang='lat' dir='ltr'><strong>impigre</strong></span> <span class='ocrx_word' id='word_1_66' title='bbox 1306 646 1498 697; x_wconf 83' lang='lat' dir='ltr'><strong>capimus.</strong></span> <span class='ocrx_word' id='word_1_67' title='bbox 1545 649 1609 688; x_wconf 88' lang='lat' dir='ltr'><strong>Ne</strong></span> <span class='ocrx_word' id='word_1_68' title='bbox 1628 656 1671 688; x_wconf 90' lang='lat' dir='ltr'><strong>tu</strong></span> 
     </span>
     <span class='ocr_line' id='line_1_9' title="bbox 330 709 1673 763; baseline 0.004 -15"><span class='ocrx_word' id='word_1_69' title='bbox 330 709 428 748; x_wconf 86' lang='lat' dir='ltr'><strong>mihi</strong></span> <span class='ocrx_word' id='word_1_70' title='bbox 448 711 535 760; x_wconf 89' lang='lat' dir='ltr'><strong>plus</strong></span> <span class='ocrx_word' id='word_1_71' title='bbox 552 723 671 761; x_wconf 87' lang='lat' dir='ltr'><strong>quam</strong></span> <span class='ocrx_word' id='word_1_72' title='bbox 687 710 803 749; x_wconf 88' lang='lat' dir='ltr'><strong>unius</strong></span> <span class='ocrx_word' id='word_1_73' title='bbox 820 710 986 762; x_wconf 86' lang='lat' dir='ltr'><strong>legionis</strong></span> <span class='ocrx_word' id='word_1_74' title='bbox 1005 710 1202 762; x_wconf 84' lang='lat' dir='ltr'><strong>principes</strong></span> <span class='ocrx_word' id='word_1_75' title='bbox 1219 712 1475 763; x_wconf 82' lang='lat' dir='ltr'><strong>hastatosque</strong></span> <span class='ocrx_word' id='word_1_76' title='bbox 1491 713 1648 753; x_wconf 88' lang='lat' dir='ltr'><strong>dederis</strong></span> <span class='ocrx_word' id='word_1_77' title='bbox 1663 729 1673 763; x_wconf 86' lang='lat'>;</span> 
     </span>
     <span class='ocr_line' id='line_1_10' title="bbox 330 775 1674 828; baseline 0.004 -14"><span class='ocrx_word' id='word_1_78' title='bbox 330 789 422 814; x_wconf 90' lang='lat' dir='ltr'><strong>cum</strong></span> <span class='ocrx_word' id='word_1_79' title='bbox 443 775 589 826; x_wconf 90' lang='lat' dir='ltr'><strong>quibus</strong></span> <span class='ocrx_word' id='word_1_80' title='bbox 610 775 679 815; x_wconf 89' lang='lat' dir='ltr'><strong>ubi</strong></span> <span class='ocrx_word' id='word_1_81' title='bbox 700 789 865 815; x_wconf 90' lang='lat' dir='ltr'><strong>euasero</strong></span> <span class='ocrx_word' id='word_1_82' title='bbox 887 775 929 814; x_wconf 90' lang='lat' dir='ltr'><strong>in</strong></span> <span class='ocrx_word' id='word_1_83' title='bbox 950 790 1163 825; x_wconf 86' lang='lat' dir='ltr'><strong>summum,</strong></span> <span class='ocrx_word' id='word_1_84' title='bbox 1189 790 1306 828; x_wconf 90' lang='lat' dir='ltr'><strong>perge</strong></span> <span class='ocrx_word' id='word_1_85' title='bbox 1327 777 1420 816; x_wconf 87' lang='lat' dir='ltr'><strong>hinc</strong></span> <span class='ocrx_word' id='word_1_86' title='bbox 1444 778 1553 818; x_wconf 88' lang='lat' dir='ltr'><strong>omni</strong></span> <span class='ocrx_word' id='word_1_87' title='bbox 1574 778 1674 819; x_wconf 89' lang='lat' dir='ltr'><strong>liber</strong></span> 
     </span>
     <span class='ocr_line' id='line_1_11' title="bbox 332 841 1671 893; baseline 0.003 -13"><span class='ocrx_word' id='word_1_88' title='bbox 332 849 451 889; x_wconf 90' lang='lat' dir='ltr'><strong>metu,</strong></span> <span class='ocrx_word' id='word_1_89' title='bbox 475 850 594 892; x_wconf 93' lang='lat' dir='ltr'><strong>teque</strong></span> <span class='ocrx_word' id='word_1_90' title='bbox 614 848 653 881; x_wconf 92' lang='lat' dir='ltr'><strong>et</strong></span> <span class='ocrx_word' id='word_1_91' title='bbox 674 841 887 881; x_wconf 88' lang='lat' dir='ltr'><strong>exercitum</strong></span> <span class='ocrx_word' id='word_1_92' title='bbox 910 855 1024 881; x_wconf 87' lang='lat' dir='ltr'><strong>serua</strong></span> <span class='ocrx_word' id='word_1_93' title='bbox 1040 857 1049 890; x_wconf 69' lang='grc' dir='ltr'><strong><em>ς</em></strong></span> <span class='ocrx_word' id='word_1_94' title='bbox 1080 855 1212 893; x_wconf 90' lang='lat' dir='ltr'><strong>neque</strong></span> <span class='ocrx_word' id='word_1_95' title='bbox 1233 841 1339 882; x_wconf 90' lang='lat' dir='ltr'><strong>enim</strong></span> <span class='ocrx_word' id='word_1_96' title='bbox 1362 843 1515 883; x_wconf 88' lang='lat' dir='ltr'><strong>moueri</strong></span> <span class='ocrx_word' id='word_1_97' title='bbox 1534 845 1671 893; x_wconf 83' lang='lat' dir='ltr'><strong>hostis,</strong></span> 
     </span>
     <span class='ocr_line' id='line_1_12' title="bbox 331 906 1671 961; baseline 0.003 -15"><span class='ocrx_word' id='word_1_98' title='bbox 331 906 535 946; x_wconf 88' lang='lat' dir='ltr'><strong>subiectus</strong></span> <span class='ocrx_word' id='word_1_99' title='bbox 567 907 684 947; x_wconf 90' lang='lat' dir='ltr'><strong>nobis</strong></span> <span class='ocrx_word' id='word_1_100' title='bbox 712 908 763 947; x_wconf 85' lang='lat' dir='ltr'><strong>ad</strong></span> <span class='ocrx_word' id='word_1_101' title='bbox 793 921 934 947; x_wconf 89' lang='lat' dir='ltr'><strong>omnes</strong></span> <span class='ocrx_word' id='word_1_102' title='bbox 962 907 1075 955; x_wconf 90' lang='lat' dir='ltr'><strong>ictus,</strong></span> <span class='ocrx_word' id='word_1_103' title='bbox 1099 908 1184 947; x_wconf 89' lang='lat' dir='ltr'><strong>sine</strong></span> <span class='ocrx_word' id='word_1_104' title='bbox 1214 922 1285 947; x_wconf 90' lang='lat' dir='ltr'><strong>sua</strong></span> <span class='ocrx_word' id='word_1_105' title='bbox 1319 909 1492 960; x_wconf 87' lang='lat' dir='ltr'><strong>pernicie</strong></span> <span class='ocrx_word' id='word_1_106' title='bbox 1517 910 1671 961; x_wconf 86' lang='lat' dir='ltr'><strong>poterit.</strong></span> 
     </span>
     <span class='ocr_line' id='line_1_13' title="bbox 293 972 1673 1024; baseline 0.001 -12"><span class='ocrx_word' id='word_1_107' title='bbox 293 978 311 1008; x_wconf 91' lang='lat'><strong>6</strong></span> <span class='ocrx_word' id='word_1_108' title='bbox 335 974 419 1012; x_wconf 92' lang='lat' dir='ltr'><strong>Nos</strong></span> <span class='ocrx_word' id='word_1_109' title='bbox 450 972 599 1012; x_wconf 85' lang='lat' dir='ltr'><strong>deinde</strong></span> <span class='ocrx_word' id='word_1_110' title='bbox 625 980 692 1012; x_wconf 89' lang='lat' dir='ltr'><strong>aut</strong></span> <span class='ocrx_word' id='word_1_111' title='bbox 727 974 885 1012; x_wconf 87' lang='lat' dir='ltr'><strong>fortuna</strong></span> <span class='ocrx_word' id='word_1_112' title='bbox 917 973 1054 1024; x_wconf 89' lang='lat' dir='ltr'><strong>populi</strong></span> <span class='ocrx_word' id='word_1_113' title='bbox 1088 973 1261 1013; x_wconf 90' lang='lat' dir='ltr'><strong>Romani</strong></span> <span class='ocrx_word' id='word_1_114' title='bbox 1289 982 1358 1013; x_wconf 92' lang='lat' dir='ltr'><strong>aut</strong></span> <span class='ocrx_word' id='word_1_115' title='bbox 1386 983 1520 1014; x_wconf 90' lang='lat' dir='ltr'><strong>nostra</strong></span> <span class='ocrx_word' id='word_1_116' title='bbox 1549 975 1673 1014; x_wconf 90' lang='lat' dir='ltr'><strong>uirtus</strong></span> 
     </span>
     <span class='ocr_line' id='line_1_14' title="bbox 295 1038 1674 1095; baseline 0.002 -18"><span class='ocrx_word' id='word_1_117' title='bbox 295 1054 310 1087; x_wconf 78' lang='lat'><strong><em>7</em></strong></span> <span class='ocrx_word' id='word_1_118' title='bbox 331 1038 537 1089; x_wconf 62' lang='lat' dir='ltr'><strong>expediet?</strong></span> <span class='ocrx_word' id='word_1_119' title='bbox 593 1039 870 1079; x_wconf 83' lang='lat' dir='ltr'><strong>Conlaudatus</strong></span> <span class='ocrx_word' id='word_1_120' title='bbox 891 1039 943 1078; x_wconf 88' lang='lat' dir='ltr'><strong>ab</strong></span> <span class='ocrx_word' id='word_1_121' title='bbox 964 1041 1129 1078; x_wconf 88' lang='lat' dir='ltr'><strong>consule</strong></span> <span class='ocrx_word' id='word_1_122' title='bbox 1149 1047 1316 1091; x_wconf 86' lang='lat' dir='ltr'><strong>accepto</strong></span> <span class='ocrx_word' id='word_1_123' title='bbox 1337 1039 1534 1091; x_wconf 90' lang='lat' dir='ltr'><strong>praesidio</strong></span> <span class='ocrx_word' id='word_1_124' title='bbox 1563 1039 1674 1095; x_wconf 84' lang='lat' dir='ltr'><strong>uadit</strong></span> 
     </span>
     <span class='ocr_line' id='line_1_15' title="bbox 332 1104 1674 1157; baseline 0.001 -13"><span class='ocrx_word' id='word_1_125' title='bbox 332 1106 512 1145; x_wconf 89' lang='lat' dir='ltr'><strong>occultus</strong></span> <span class='ocrx_word' id='word_1_126' title='bbox 534 1118 602 1155; x_wconf 91' lang='lat' dir='ltr'><strong>per</strong></span> <span class='ocrx_word' id='word_1_127' title='bbox 622 1106 764 1144; x_wconf 91' lang='lat' dir='ltr'><strong>saltum</strong></span> <span class='ocrx_word' id='word_1_128' title='bbox 782 1119 791 1152; x_wconf 81' lang='lat'><em>3</em></span> <span class='ocrx_word' id='word_1_129' title='bbox 822 1118 896 1143; x_wconf 86' lang='lat' dir='ltr'><strong>nee</strong></span> <span class='ocrx_word' id='word_1_130' title='bbox 909 1104 1015 1156; x_wconf 86' lang='lat' dir='ltr'><strong>prius</strong></span> <span class='ocrx_word' id='word_1_131' title='bbox 1037 1105 1088 1144; x_wconf 84' lang='lat' dir='ltr'><strong>ab</strong></span> <span class='ocrx_word' id='word_1_132' title='bbox 1111 1106 1224 1144; x_wconf 88' lang='lat' dir='ltr'><strong>hoste</strong></span> <span class='ocrx_word' id='word_1_133' title='bbox 1241 1113 1300 1144; x_wconf 89' lang='lat' dir='ltr'><strong>est</strong></span> <span class='ocrx_word' id='word_1_134' title='bbox 1315 1106 1422 1145; x_wconf 89' lang='lat' dir='ltr'><strong>uisus</strong></span> <span class='ocrx_word' id='word_1_135' title='bbox 1442 1119 1562 1157; x_wconf 86' lang='lat' dir='ltr'><strong>quarn</strong></span> <span class='ocrx_word' id='word_1_136' title='bbox 1583 1107 1674 1146; x_wconf 92' lang='lat' dir='ltr'><strong>loco</strong></span> 
     </span>
     <span class='ocr_line' id='line_1_16' title="bbox 293 1170 1673 1224; baseline 0.001 -14"><span class='ocrx_word' id='word_1_137' title='bbox 293 1184 311 1214; x_wconf 83' lang='lat'>8</span> <span class='ocrx_word' id='word_1_138' title='bbox 331 1185 451 1223; x_wconf 88' lang='lat' dir='ltr'><strong>quem</strong></span> <span class='ocrx_word' id='word_1_139' title='bbox 473 1171 634 1222; x_wconf 88' lang='lat' dir='ltr'><strong>petebat</strong></span> <span class='ocrx_word' id='word_1_140' title='bbox 647 1170 992 1222; x_wconf 85' lang='lat' dir='ltr'><strong>appropinquauit.</strong></span> <span class='ocrx_word' id='word_1_141' title='bbox 1039 1172 1142 1210; x_wconf 89' lang='lat' dir='ltr'><strong>Inde</strong></span> <span class='ocrx_word' id='word_1_142' title='bbox 1155 1171 1418 1212; x_wconf 84' lang='lat' dir='ltr'><strong>admiratione</strong></span> <span class='ocrx_word' id='word_1_143' title='bbox 1433 1171 1673 1224; x_wconf 88' lang='lat' dir='ltr'><strong>pauentibus</strong></span> 
     </span>
     <span class='ocr_line' id='line_1_17' title="bbox 330 1236 1674 1291; baseline 0.001 -15"><span class='ocrx_word' id='word_1_144' title='bbox 330 1236 496 1285; x_wconf 88' lang='lat' dir='ltr'><strong>cunctis,</strong></span> <span class='ocrx_word' id='word_1_145' title='bbox 519 1250 611 1275; x_wconf 88' lang='lat' dir='ltr'><strong>cum</strong></span> <span class='ocrx_word' id='word_1_146' title='bbox 634 1236 814 1275; x_wconf 89' lang='lat' dir='ltr'><strong>omnium</strong></span> <span class='ocrx_word' id='word_1_147' title='bbox 835 1236 875 1275; x_wconf 86' lang='lat' dir='ltr'><strong>in</strong></span> <span class='ocrx_word' id='word_1_148' title='bbox 897 1251 938 1276; x_wconf 90' lang='lat' dir='ltr'><strong>se</strong></span> <span class='ocrx_word' id='word_1_149' title='bbox 962 1237 1141 1276; x_wconf 88' lang='lat' dir='ltr'><strong>uertisset</strong></span> <span class='ocrx_word' id='word_1_150' title='bbox 1164 1239 1313 1286; x_wconf 88' lang='lat' dir='ltr'><strong>oculos,</strong></span> <span class='ocrx_word' id='word_1_151' title='bbox 1337 1245 1376 1278; x_wconf 90' lang='lat' dir='ltr'><strong>et</strong></span> <span class='ocrx_word' id='word_1_152' title='bbox 1397 1240 1568 1291; x_wconf 89' lang='lat' dir='ltr'><strong>spatium</strong></span> <span class='ocrx_word' id='word_1_153' title='bbox 1583 1252 1674 1279; x_wconf 90' lang='lat' dir='ltr'><strong>con-</strong></span> 
     </span>
     <span class='ocr_line' id='line_1_18' title="bbox 332 1303 1674 1355; baseline 0.001 -12"><span class='ocrx_word' id='word_1_154' title='bbox 332 1303 407 1343; x_wconf 87' lang='lat' dir='ltr'><strong>suli</strong></span> <span class='ocrx_word' id='word_1_155' title='bbox 428 1304 540 1343; x_wconf 88' lang='lat' dir='ltr'><strong>dedit</strong></span> <span class='ocrx_word' id='word_1_156' title='bbox 559 1304 612 1342; x_wconf 86' lang='lat' dir='ltr'><strong>ad</strong></span> <span class='ocrx_word' id='word_1_157' title='bbox 633 1303 943 1342; x_wconf 87' lang='lat' dir='ltr'><strong>subducendum</strong></span> <span class='ocrx_word' id='word_1_158' title='bbox 971 1316 1114 1354; x_wconf 84' lang='lat' dir='ltr'><strong>agmen</strong></span> <span class='ocrx_word' id='word_1_159' title='bbox 1144 1303 1185 1342; x_wconf 93' lang='lat' dir='ltr'><strong>in</strong></span> <span class='ocrx_word' id='word_1_160' title='bbox 1214 1303 1443 1355; x_wconf 88' lang='lat' dir='ltr'><strong>aequiorem</strong></span> <span class='ocrx_word' id='word_1_161' title='bbox 1472 1305 1605 1345; x_wconf 91' lang='lat' dir='ltr'><strong>locum</strong></span> <span class='ocrx_word' id='word_1_162' title='bbox 1635 1312 1674 1344; x_wconf 93' lang='lat' dir='ltr'><strong>et</strong></span> 
     </span>
     <span class='ocr_line' id='line_1_19' title="bbox 294 1368 1675 1422; baseline 0.001 -13"><span class='ocrx_word' id='word_1_163' title='bbox 294 1388 313 1420; x_wconf 90' lang='lat'>9</span> <span class='ocrx_word' id='word_1_164' title='bbox 333 1370 417 1422; x_wconf 90' lang='lat' dir='ltr'><strong>ipse</strong></span> <span class='ocrx_word' id='word_1_165' title='bbox 437 1369 477 1409; x_wconf 89' lang='lat' dir='ltr'><strong>in</strong></span> <span class='ocrx_word' id='word_1_166' title='bbox 505 1382 663 1409; x_wconf 85' lang='lat' dir='ltr'><strong>summo</strong></span> <span class='ocrx_word' id='word_1_167' title='bbox 693 1368 870 1408; x_wconf 89' lang='lat' dir='ltr'><strong>constitit</strong></span> <span class='ocrx_word' id='word_1_168' title='bbox 899 1369 1058 1408; x_wconf 89' lang='lat' dir='ltr'><strong>uertice.</strong></span> <span class='ocrx_word' id='word_1_169' title='bbox 1119 1369 1316 1410; x_wconf 89' lang='lat' dir='ltr'><strong>Samnites</strong></span> <span class='ocrx_word' id='word_1_170' title='bbox 1345 1371 1442 1410; x_wconf 89' lang='lat' dir='ltr'><strong>dum</strong></span> <span class='ocrx_word' id='word_1_171' title='bbox 1473 1372 1553 1410; x_wconf 87' lang='lat' dir='ltr'><strong>huc</strong></span> <span class='ocrx_word' id='word_1_172' title='bbox 1581 1370 1675 1410; x_wconf 91' lang='lat' dir='ltr'><strong>illuc</strong></span> 
     </span>
     <span class='ocr_line' id='line_1_20' title="bbox 332 1434 1675 1488; baseline 0 -14"><span class='ocrx_word' id='word_1_173' title='bbox 332 1436 444 1486; x_wconf 89' lang='lat' dir='ltr'><strong>signa</strong></span> <span class='ocrx_word' id='word_1_174' title='bbox 464 1442 624 1475; x_wconf 90' lang='lat' dir='ltr'><strong>uertunt</strong></span> <span class='ocrx_word' id='word_1_175' title='bbox 644 1435 849 1485; x_wconf 88' lang='lat' dir='ltr'><strong>utriusque</strong></span> <span class='ocrx_word' id='word_1_176' title='bbox 870 1434 924 1473; x_wconf 88' lang='lat' dir='ltr'><strong>rei</strong></span> <span class='ocrx_word' id='word_1_177' title='bbox 952 1435 1097 1474; x_wconf 87' lang='lat' dir='ltr'><strong>amissa</strong></span> <span class='ocrx_word' id='word_1_178' title='bbox 1128 1434 1339 1475; x_wconf 84' lang='lat' dir='ltr'><strong>occasione</strong></span> <span class='ocrx_word' id='word_1_179' title='bbox 1369 1449 1499 1488; x_wconf 88' lang='lat' dir='ltr'><strong>neque</strong></span> <span class='ocrx_word' id='word_1_180' title='bbox 1519 1434 1675 1487; x_wconf 86' lang='lat' dir='ltr'><strong>insequi</strong></span> 
     </span>
     <span class='ocr_line' id='line_1_21' title="bbox 332 1499 1676 1552; baseline 0 -12"><span class='ocrx_word' id='word_1_181' title='bbox 332 1502 538 1540; x_wconf 90' lang='lat' dir='ltr'><strong>consulem</strong></span> <span class='ocrx_word' id='word_1_182' title='bbox 560 1499 635 1539; x_wconf 90' lang='lat' dir='ltr'><strong>nisi</strong></span> <span class='ocrx_word' id='word_1_183' title='bbox 656 1513 723 1551; x_wconf 90' lang='lat' dir='ltr'><strong>per</strong></span> <span class='ocrx_word' id='word_1_184' title='bbox 744 1501 914 1539; x_wconf 88' lang='lat' dir='ltr'><strong>eandem</strong></span> <span class='ocrx_word' id='word_1_185' title='bbox 936 1501 1091 1547; x_wconf 90' lang='lat' dir='ltr'><strong>uallem,</strong></span> <span class='ocrx_word' id='word_1_186' title='bbox 1116 1499 1155 1538; x_wconf 92' lang='lat' dir='ltr'><strong>in</strong></span> <span class='ocrx_word' id='word_1_187' title='bbox 1174 1514 1252 1551; x_wconf 88' lang='lat' dir='ltr'><strong>qua</strong></span> <span class='ocrx_word' id='word_1_188' title='bbox 1273 1502 1392 1552; x_wconf 87' lang='lat' dir='ltr'><strong>paulo</strong></span> <span class='ocrx_word' id='word_1_189' title='bbox 1410 1509 1504 1542; x_wconf 87' lang='lat' dir='ltr'><strong>ante</strong></span> <span class='ocrx_word' id='word_1_190' title='bbox 1523 1499 1676 1540; x_wconf 92' lang='lat' dir='ltr'><strong>subiec—</strong></span> 
     </span>
     <span class='ocr_line' id='line_1_22' title="bbox 333 1565 1674 1619; baseline -0.001 -13"><span class='ocrx_word' id='word_1_191' title='bbox 333 1575 417 1606; x_wconf 88' lang='lat' dir='ltr'><strong>tum</strong></span> <span class='ocrx_word' id='word_1_192' title='bbox 439 1580 530 1606; x_wconf 91' lang='lat' dir='ltr'><strong>eum</strong></span> <span class='ocrx_word' id='word_1_193' title='bbox 551 1567 638 1606; x_wconf 88' lang='lat' dir='ltr'><strong>telis</strong></span> <span class='ocrx_word' id='word_1_194' title='bbox 659 1565 739 1605; x_wconf 88' lang='lat' dir='ltr'><strong>suis</strong></span> <span class='ocrx_word' id='word_1_195' title='bbox 761 1566 993 1614; x_wconf 82' lang='lat' dir='ltr'><strong>habuerant,</strong></span> <span class='ocrx_word' id='word_1_196' title='bbox 1011 1574 1193 1617; x_wconf 80' lang='lat' dir='ltr'><strong>possunt,</strong></span> <span class='ocrx_word' id='word_1_197' title='bbox 1209 1580 1283 1607; x_wconf 89' lang='lat' dir='ltr'><strong>nec</strong></span> <span class='ocrx_word' id='word_1_198' title='bbox 1304 1567 1450 1619; x_wconf 89' lang='lat' dir='ltr'><strong>erigere</strong></span> <span class='ocrx_word' id='word_1_199' title='bbox 1469 1581 1614 1618; x_wconf 88' lang='lat' dir='ltr'><strong>agmen</strong></span> <span class='ocrx_word' id='word_1_200' title='bbox 1634 1566 1674 1606; x_wconf 91' lang='lat' dir='ltr'><strong>in</strong></span> 
     </span>
     <span class='ocr_line' id='line_1_23' title="bbox 276 1631 1675 1684; baseline 0 -12"><span class='ocrx_word' id='word_1_201' title='bbox 276 1651 311 1672; x_wconf 87' lang='grc' dir='ltr'><strong>ιο</strong></span> <span class='ocrx_word' id='word_1_202' title='bbox 332 1642 493 1684; x_wconf 90' lang='lat' dir='ltr'><strong>captum</strong></span> <span class='ocrx_word' id='word_1_203' title='bbox 525 1646 641 1683; x_wconf 90' lang='lat' dir='ltr'><strong>super</strong></span> <span class='ocrx_word' id='word_1_204' title='bbox 670 1646 712 1671; x_wconf 91' lang='lat' dir='ltr'><strong>se</strong></span> <span class='ocrx_word' id='word_1_205' title='bbox 741 1632 792 1671; x_wconf 89' lang='lat' dir='ltr'><strong>ab</strong></span> <span class='ocrx_word' id='word_1_206' title='bbox 817 1631 944 1672; x_wconf 91' lang='lat' dir='ltr'><strong>Decio</strong></span> <span class='ocrx_word' id='word_1_207' title='bbox 972 1634 1199 1681; x_wconf 80' lang='lat' dir='ltr'><strong>tumulum3</strong></span> <span class='ocrx_word' id='word_1_208' title='bbox 1229 1634 1300 1672; x_wconf 90' lang='lat' dir='ltr'><strong>sed</strong></span> <span class='ocrx_word' id='word_1_209' title='bbox 1330 1647 1429 1676; x_wconf 82' lang='lat' dir='ltr'><strong>cum</strong></span> <span class='ocrx_word' id='word_1_210' title='bbox 1452 1632 1507 1672; x_wconf 91' lang='lat' dir='ltr'><strong>ira</strong></span> <span class='ocrx_word' id='word_1_211' title='bbox 1534 1633 1574 1672; x_wconf 91' lang='lat' dir='ltr'><strong>in</strong></span> <span class='ocrx_word' id='word_1_212' title='bbox 1601 1633 1675 1672; x_wconf 90' lang='lat' dir='ltr'><strong>hos</strong></span> 
     </span>
     <span class='ocr_line' id='line_1_24' title="bbox 333 1698 1676 1751; baseline 0 -13"><span class='ocrx_word' id='word_1_213' title='bbox 333 1699 467 1751; x_wconf 83' lang='lat' dir='ltr'><strong>magis,</strong></span> <span class='ocrx_word' id='word_1_214' title='bbox 496 1698 564 1750; x_wconf 92' lang='lat' dir='ltr'><strong>qui</strong></span> <span class='ocrx_word' id='word_1_215' title='bbox 590 1700 787 1738; x_wconf 90' lang='lat' dir='ltr'><strong>fortunam</strong></span> <span class='ocrx_word' id='word_1_216' title='bbox 817 1699 1015 1749; x_wconf 87' lang='lat' dir='ltr'><strong>gerendae</strong></span> <span class='ocrx_word' id='word_1_217' title='bbox 1053 1699 1107 1737; x_wconf 91' lang='lat' dir='ltr'><strong>rei</strong></span> <span class='ocrx_word' id='word_1_218' title='bbox 1140 1698 1375 1750; x_wconf 88' lang='lat' dir='ltr'><strong>eripuerant,</strong></span> <span class='ocrx_word' id='word_1_219' title='bbox 1401 1706 1494 1744; x_wconf 80' lang='lat' dir='ltr'><strong>tum</strong></span> <span class='ocrx_word' id='word_1_220' title='bbox 1518 1698 1676 1751; x_wconf 89' lang='lat' dir='ltr'><strong>propin-</strong></span> 
     </span>
     <span class='ocr_line' id='line_1_25' title="bbox 275 1762 1676 1816; baseline 0.001 -13"><span class='ocrx_word' id='word_1_221' title='bbox 275 1782 307 1803; x_wconf 87' lang='lat'><strong>11</strong></span> <span class='ocrx_word' id='word_1_222' title='bbox 331 1764 460 1816; x_wconf 88' lang='lat' dir='ltr'><strong>quitas</strong></span> <span class='ocrx_word' id='word_1_223' title='bbox 480 1763 558 1803; x_wconf 91' lang='lat' dir='ltr'><strong>loci</strong></span> <span class='ocrx_word' id='word_1_224' title='bbox 578 1771 698 1814; x_wconf 90' lang='lat' dir='ltr'><strong>atque</strong></span> <span class='ocrx_word' id='word_1_225' title='bbox 719 1763 804 1814; x_wconf 87' lang='lat' dir='ltr'><strong>ipsa</strong></span> <span class='ocrx_word' id='word_1_226' title='bbox 835 1763 1012 1814; x_wconf 86' lang='lat' dir='ltr'><strong>paucitas</strong></span> <span class='ocrx_word' id='word_1_227' title='bbox 1037 1762 1174 1803; x_wconf 88' lang='lat' dir='ltr'><strong>incitat</strong></span> <span class='ocrx_word' id='word_1_228' title='bbox 1191 1779 1201 1812; x_wconf 86' lang='lat'>3</span> <span class='ocrx_word' id='word_1_229' title='bbox 1231 1771 1271 1803; x_wconf 90' lang='lat' dir='ltr'><strong>et</strong></span> <span class='ocrx_word' id='word_1_230' title='bbox 1301 1778 1410 1804; x_wconf 88' lang='lat' dir='ltr'><strong>nunc</strong></span> <span class='ocrx_word' id='word_1_231' title='bbox 1430 1764 1676 1804; x_wconf 85' lang='lat' dir='ltr'><strong>circumdare</strong></span> 
     </span>
     <span class='ocr_line' id='line_1_26' title="bbox 334 1829 1676 1881; baseline -0.001 -12"><span class='ocrx_word' id='word_1_232' title='bbox 334 1829 511 1881; x_wconf 90' lang='lat' dir='ltr'><strong>undique</strong></span> <span class='ocrx_word' id='word_1_233' title='bbox 532 1831 675 1869; x_wconf 89' lang='lat' dir='ltr'><strong>collem</strong></span> <span class='ocrx_word' id='word_1_234' title='bbox 696 1830 855 1868; x_wconf 87' lang='lat' dir='ltr'><strong>armatis</strong></span> <span class='ocrx_word' id='word_1_235' title='bbox 886 1830 1038 1877; x_wconf 87' lang='lat' dir='ltr'><strong>uolunt,</strong></span> <span class='ocrx_word' id='word_1_236' title='bbox 1063 1837 1106 1868; x_wconf 92' lang='lat' dir='ltr'><strong>ut</strong></span> <span class='ocrx_word' id='word_1_237' title='bbox 1126 1843 1150 1868; x_wconf 88' lang='lat' dir='ltr'><strong>a</strong></span> <span class='ocrx_word' id='word_1_238' title='bbox 1169 1831 1333 1869; x_wconf 88' lang='lat' dir='ltr'><strong>consule</strong></span> <span class='ocrx_word' id='word_1_239' title='bbox 1363 1830 1534 1870; x_wconf 88' lang='lat' dir='ltr'><strong>Decium</strong></span> <span class='ocrx_word' id='word_1_240' title='bbox 1560 1829 1676 1870; x_wconf 88' lang='lat' dir='ltr'><strong>inter—</strong></span> 
     </span>
     <span class='ocr_line' id='line_1_27' title="bbox 333 1893 1674 1946; baseline 0.001 -12"><span class='ocrx_word' id='word_1_241' title='bbox 333 1896 507 1943; x_wconf 88' lang='lat' dir='ltr'><strong>cludant,</strong></span> <span class='ocrx_word' id='word_1_242' title='bbox 548 1908 655 1934; x_wconf 85' lang='lat' dir='ltr'><strong>nunc</strong></span> <span class='ocrx_word' id='word_1_243' title='bbox 701 1893 807 1933; x_wconf 86' lang='lat' dir='ltr'><strong>uiam</strong></span> <span class='ocrx_word' id='word_1_244' title='bbox 851 1896 1084 1945; x_wconf 86' lang='lat' dir='ltr'><strong>patefacere,</strong></span> <span class='ocrx_word' id='word_1_245' title='bbox 1125 1902 1167 1934; x_wconf 91' lang='lat' dir='ltr'><strong>ut</strong></span> <span class='ocrx_word' id='word_1_246' title='bbox 1206 1896 1412 1946; x_wconf 87' lang='lat' dir='ltr'><strong>degressos</strong></span> <span class='ocrx_word' id='word_1_247' title='bbox 1450 1894 1491 1935; x_wconf 90' lang='lat' dir='ltr'><strong>in</strong></span> <span class='ocrx_word' id='word_1_248' title='bbox 1529 1896 1674 1935; x_wconf 88' lang='lat' dir='ltr'><strong>uallem</strong></span> 
     </span>
     <span class='ocr_line' id='line_1_28' title="bbox 333 1959 1437 2012; baseline 0 -12"><span class='ocrx_word' id='word_1_249' title='bbox 333 1962 570 2000; x_wconf 88' lang='lat' dir='ltr'><strong>adoriantur.</strong></span> <span class='ocrx_word' id='word_1_250' title='bbox 632 1961 812 2000; x_wconf 87' lang='lat' dir='ltr'><strong>Incertos</strong></span> <span class='ocrx_word' id='word_1_251' title='bbox 835 1959 932 2011; x_wconf 93' lang='lat' dir='ltr'><strong>quid</strong></span> <span class='ocrx_word' id='word_1_252' title='bbox 954 1968 1114 2011; x_wconf 89' lang='lat' dir='ltr'><strong>agerent</strong></span> <span class='ocrx_word' id='word_1_253' title='bbox 1135 1973 1214 1999; x_wconf 90' lang='lat' dir='ltr'><strong>nox</strong></span> <span class='ocrx_word' id='word_1_254' title='bbox 1234 1959 1437 2012; x_wconf 89' lang='lat' dir='ltr'><strong>oppressit.</strong></span> 
     </span>
     <span class='ocr_line' id='line_1_29' title="bbox 279 2025 1675 2077; baseline -0.001 -10"><span class='ocrx_word' id='word_1_255' title='bbox 279 2045 313 2067; x_wconf 70' lang='grc' dir='ltr'><em>η</em></span> <span class='ocrx_word' id='word_1_256' title='bbox 391 2025 559 2066; x_wconf 90' lang='lat' dir='ltr'><strong>Decium</strong></span> <span class='ocrx_word' id='word_1_257' title='bbox 583 2025 752 2076; x_wconf 89' lang='lat' dir='ltr'><strong>primum</strong></span> <span class='ocrx_word' id='word_1_258' title='bbox 768 2039 857 2077; x_wconf 88' lang='lat' dir='ltr'><strong>spes</strong></span> <span class='ocrx_word' id='word_1_259' title='bbox 881 2025 1006 2065; x_wconf 89' lang='lat' dir='ltr'><strong>tenuit</strong></span> <span class='ocrx_word' id='word_1_260' title='bbox 1021 2039 1112 2064; x_wconf 92' lang='lat' dir='ltr'><strong>curn</strong></span> <span class='ocrx_word' id='word_1_261' title='bbox 1134 2025 1396 2065; x_wconf 88' lang='lat' dir='ltr'><strong>subeuntibus</strong></span> <span class='ocrx_word' id='word_1_262' title='bbox 1409 2025 1451 2065; x_wconf 88' lang='lat' dir='ltr'><strong>in</strong></span> <span class='ocrx_word' id='word_1_263' title='bbox 1462 2027 1675 2066; x_wconf 85' lang='lat' dir='ltr'><strong>aduersum</strong></span> 
     </span>
     <span class='ocr_line' id='line_1_30' title="bbox 335 2090 1676 2142; baseline -0.001 -10"><span class='ocrx_word' id='word_1_264' title='bbox 335 2093 477 2132; x_wconf 90' lang='lat' dir='ltr'><strong>collem</strong></span> <span class='ocrx_word' id='word_1_265' title='bbox 499 2105 545 2131; x_wconf 90' lang='lat' dir='ltr'><strong>ex</strong></span> <span class='ocrx_word' id='word_1_266' title='bbox 567 2093 766 2142; x_wconf 87' lang='lat' dir='ltr'><strong>superiore</strong></span> <span class='ocrx_word' id='word_1_267' title='bbox 790 2093 880 2131; x_wconf 92' lang='lat' dir='ltr'><strong>loco</strong></span> <span class='ocrx_word' id='word_1_268' title='bbox 911 2104 953 2130; x_wconf 92' lang='lat' dir='ltr'><strong>se</strong></span> <span class='ocrx_word' id='word_1_269' title='bbox 979 2098 1244 2142; x_wconf 87' lang='lat' dir='ltr'><strong>pugnaturum</strong></span> <span class='ocrx_word' id='word_1_270' title='bbox 1260 2105 1271 2139; x_wconf 82' lang='lat'><em>3</em></span> <span class='ocrx_word' id='word_1_271' title='bbox 1300 2092 1448 2132; x_wconf 91' lang='lat' dir='ltr'><strong>deinde</strong></span> <span class='ocrx_word' id='word_1_272' title='bbox 1467 2090 1676 2132; x_wconf 85' lang='lat' dir='ltr'><strong>admiratio</strong></span> 
     </span>
    </p>
   </div>
   <div class='ocr_carea' id='block_1_3' title="bbox 334 2194 1683 2501">
    <p class='ocr_par' dir='ltr' id='par_1_3' title="bbox 334 2194 1683 2501">
     <span class='ocr_line' id='line_1_31' title="bbox 380 2194 1676 2237; baseline -0.001 -9"><span class='ocrx_word' id='word_1_273' title='bbox 380 2208 400 2236; x_wconf 86' lang='lat'>3</span> <span class='ocrx_word' id='word_1_274' title='bbox 424 2196 618 2228; x_wconf 84' lang='lat' dir='ltr'><strong>demitteret</strong></span> <span class='ocrx_word' id='word_1_275' title='bbox 639 2195 832 2227; x_wconf 74' lang='grc' dir='ltr'><strong>ΜΡΗΤΑ3</strong></span> <span class='ocrx_word' id='word_1_276' title='bbox 851 2194 1022 2227; x_wconf 80' lang='lat' dir='ltr'><strong>Gelenius:</strong></span> <span class='ocrx_word' id='word_1_277' title='bbox 1047 2195 1234 2227; x_wconf 86' lang='lat' dir='ltr'><strong>dimitteret</strong></span> <span class='ocrx_word' id='word_1_278' title='bbox 1252 2194 1473 2237; x_wconf 83' lang='lat' dir='ltr'><strong>FUpODLA</strong></span> <span class='ocrx_word' id='word_1_279' title='bbox 1491 2207 1498 2228; x_wconf 92' lang='lat'>:</span> <span class='ocrx_word' id='word_1_280' title='bbox 1523 2196 1676 2227; x_wconf 82' lang='lat' dir='ltr'><strong>demitte·</strong></span> 
     </span>
     <span class='ocr_line' id='line_1_32' title="bbox 337 2237 1676 2280; baseline -0.001 -9"><span class='ocrx_word' id='word_1_281' title='bbox 337 2245 410 2272; x_wconf 88' lang='lat' dir='ltr'><strong>rent</strong></span> <span class='ocrx_word' id='word_1_282' title='bbox 433 2241 506 2272; x_wconf 81' lang='lat' dir='ltr'><strong>dett.</strong></span> <span class='ocrx_word' id='word_1_283' title='bbox 534 2241 622 2280; x_wconf 75' lang='lat' dir='ltr'><strong>aliq..</strong></span> <span class='ocrx_word' id='word_1_284' title='bbox 655 2239 777 2271; x_wconf 72' lang='lat' dir='ltr'><strong>Gran:</strong></span> <span class='ocrx_word' id='word_1_285' title='bbox 811 2239 1048 2271; x_wconf 83' lang='lat' dir='ltr'><strong>demitteretur</strong></span> <span class='ocrx_word' id='word_1_286' title='bbox 1071 2238 1217 2280; x_wconf 76' lang='lat' dir='ltr'><strong>Ruperti</strong></span> <span class='ocrx_word' id='word_1_287' title='bbox 1389 2250 1408 2278; x_wconf 86' lang='lat'>4</span> <span class='ocrx_word' id='word_1_288' title='bbox 1432 2239 1535 2271; x_wconf 88' lang='lat' dir='ltr'><strong>animi</strong></span> <span class='ocrx_word' id='word_1_289' title='bbox 1561 2237 1676 2271; x_wconf 84' lang='lat' dir='ltr'><em>MPF²</em></span> 
     </span>
     <span class='ocr_line' id='line_1_33' title="bbox 337 2281 1678 2325; baseline 0 -11"><span class='ocrx_word' id='word_1_290' title='bbox 337 2285 464 2322; x_wconf 84' lang='lat' dir='ltr'><strong>(animo</strong></span> <span class='ocrx_word' id='word_1_291' title='bbox 481 2284 621 2324; x_wconf 79' lang='lat' dir='ltr'><strong>F&gt;Up0</strong></span> <span class='ocrx_word' id='word_1_292' title='bbox 630 2283 757 2315; x_wconf 87' lang='lat' dir='ltr'><strong>TDLA</strong></span> <span class='ocrx_word' id='word_1_293' title='bbox 775 2294 782 2314; x_wconf 91' lang='lat'>:</span> <span class='ocrx_word' id='word_1_294' title='bbox 809 2282 931 2314; x_wconf 88' lang='lat' dir='ltr'><strong>animis</strong></span> <span class='ocrx_word' id='word_1_295' title='bbox 946 2281 987 2312; x_wconf 91' lang='lat' dir='ltr'><em>H</em></span> <span class='ocrx_word' id='word_1_296' title='bbox 1089 2293 1150 2313; x_wconf 86' lang='lat' dir='ltr'><strong>arx</strong></span> <span class='ocrx_word' id='word_1_297' title='bbox 1172 2282 1226 2314; x_wconf 86' lang='lat' dir='ltr'><strong>illa</strong></span> <span class='ocrx_word' id='word_1_298' title='bbox 1249 2282 1449 2324; x_wconf 59' lang='grc' dir='ltr'><strong>ΡΙΓΠρΟΤ2</strong></span> <span class='ocrx_word' id='word_1_299' title='bbox 1464 2287 1495 2316; x_wconf 83' lang='lat' dir='ltr'><strong>et</strong></span> <span class='ocrx_word' id='word_1_300' title='bbox 1508 2283 1678 2325; x_wconf 77' lang='lat' dir='ltr'><strong>sicpostea</strong></span> 
     </span>
     <span class='ocr_line' id='line_1_34' title="bbox 334 2325 1677 2368; baseline -0.001 -9"><span class='ocrx_word' id='word_1_301' title='bbox 334 2329 461 2368; x_wconf 73' lang='lat' dir='ltr'><strong>scripsit</strong></span> <span class='ocrx_word' id='word_1_302' title='bbox 478 2328 540 2364; x_wconf 77' lang='lat' dir='ltr'><strong>A2)</strong></span> <span class='ocrx_word' id='word_1_303' title='bbox 557 2339 565 2359; x_wconf 77' lang='lat' dir='ltr'>z</span> <span class='ocrx_word' id='word_1_304' title='bbox 591 2328 721 2359; x_wconf 85' lang='lat' dir='ltr'><strong>armilla</strong></span> <span class='ocrx_word' id='word_1_305' title='bbox 742 2326 853 2358; x_wconf 73' lang='lat' dir='ltr'><em>MA22</em></span> <span class='ocrx_word' id='word_1_306' title='bbox 877 2326 933 2357; x_wconf 90' lang='lat' dir='ltr'><strong>illa</strong></span> <span class='ocrx_word' id='word_1_307' title='bbox 949 2325 1108 2357; x_wconf 85' lang='lat' dir='ltr'><em>HTDL:</em></span> <span class='ocrx_word' id='word_1_308' title='bbox 1136 2326 1216 2357; x_wconf 92' lang='lat' dir='ltr'><strong>illud</strong></span> <span class='ocrx_word' id='word_1_309' title='bbox 1234 2326 1316 2357; x_wconf 57' lang='grc' dir='ltr'><strong>ΕΒΑ</strong></span> <span class='ocrx_word' id='word_1_310' title='bbox 1469 2337 1506 2359; x_wconf 86' lang='lat'><strong>11</strong></span> <span class='ocrx_word' id='word_1_311' title='bbox 1535 2326 1677 2358; x_wconf 84' lang='lat' dir='ltr'><strong>Decium</strong></span> 
     </span>
     <span class='ocr_line' id='line_1_35' title="bbox 336 2369 1683 2412; baseline -0.001 -10"><span class='ocrx_word' id='word_1_312' title='bbox 336 2371 643 2402; x_wconf 81' lang='lat' dir='ltr'><em>MPFOHTDLA</em></span> <span class='ocrx_word' id='word_1_313' title='bbox 662 2382 670 2402; x_wconf 75' lang='grc' dir='ltr'><strong><em>ι</em></strong></span> <span class='ocrx_word' id='word_1_314' title='bbox 695 2371 828 2402; x_wconf 87' lang='lat' dir='ltr'><strong>decium</strong></span> <span class='ocrx_word' id='word_1_315' title='bbox 854 2369 911 2402; x_wconf 82' lang='lat' dir='ltr'><strong>tali</strong></span> <span class='ocrx_word' id='word_1_316' title='bbox 939 2370 1039 2401; x_wconf 91' lang='lat' dir='ltr'><strong>modo</strong></span> <span class='ocrx_word' id='word_1_317' title='bbox 1067 2369 1119 2410; x_wconf 81' lang='lat' dir='ltr'><strong>Up</strong></span> <span class='ocrx_word' id='word_1_318' title='bbox 1267 2371 1439 2410; x_wconf 80' lang='lat' dir='ltr'><strong>oppressit</strong></span> <span class='ocrx_word' id='word_1_319' title='bbox 1457 2369 1683 2412; x_wconf 82' lang='lat' dir='ltr'><strong>PFUpOHT</strong></span> 
     </span>
     <span class='ocr_line' id='line_1_36' title="bbox 336 2412 1676 2455; baseline 0 -10"><span class='ocrx_word' id='word_1_320' title='bbox 336 2415 462 2446; x_wconf 74' lang='lat' dir='ltr'><strong>DLA:</strong></span> <span class='ocrx_word' id='word_1_321' title='bbox 489 2416 614 2455; x_wconf 86' lang='lat' dir='ltr'><strong>pressit</strong></span> <span class='ocrx_word' id='word_1_322' title='bbox 631 2415 674 2445; x_wconf 94' lang='lat' dir='ltr'><em>M</em></span> <span class='ocrx_word' id='word_1_323' title='bbox 807 2424 844 2445; x_wconf 88' lang='lat'><strong>12</strong></span> <span class='ocrx_word' id='word_1_324' title='bbox 870 2414 1013 2453; x_wconf 88' lang='lat' dir='ltr'><strong>primum</strong></span> <span class='ocrx_word' id='word_1_325' title='bbox 1032 2412 1384 2455; x_wconf 83' lang='lat' dir='ltr'><strong>MPFUpHTDLA:</strong></span> <span class='ocrx_word' id='word_1_326' title='bbox 1408 2414 1469 2454; x_wconf 70' lang='lat' dir='ltr'><strong>def.</strong></span> <span class='ocrx_word' id='word_1_327' title='bbox 1492 2414 1543 2446; x_wconf 85' lang='lat'><strong>0:</strong></span> <span class='ocrx_word' id='word_1_328' title='bbox 1567 2414 1676 2455; x_wconf 89' lang='lat' dir='ltr'><strong>primo</strong></span> 
     </span>
     <span class='ocr_line' id='line_1_37' title="bbox 336 2459 750 2501; baseline -0.005 -11"><span class='ocrx_word' id='word_1_329' title='bbox 336 2459 546 2501; x_wconf 67' lang='lat' dir='ltr'><strong>Ht&#39;r&#39;ggslriim</strong></span> <span class='ocrx_word' id='word_1_330' title='bbox 563 2459 750 2491; x_wconf 75' lang='lat' dir='ltr'><strong>dubitanter</strong></span> 
     </span>
    </p>
   </div>
  </div>
 </body>
</html>
