1722 2748
218 152 282 192 IX
305 161 353 199 19
375 157 394 188 8
831 150 956 189 TITI
988 149 1108 191 LIVI

262 272 283 305 9
303 275 404 313 opus
425 268 538 309 esset,
562 260 685 301 facilis
705 259 896 312 iungenti.
957 260 1044 299 Iam
1065 260 1107 299 in
1126 273 1246 312 opere
1265 259 1354 312 quis
1373 273 1444 312 par
1459 261 1648 301 Romano

305 327 448 367 miles?
477 326 566 379 quis
586 328 636 367 ad
667 327 1127 367 tolerandum.laborem
1157 325 1329 367 melior?
1383 328 1478 368 Vno
1496 325 1649 380 proelio

305 393 435 433 uictus
456 393 682 432 Alexander
702 393 809 432 bello
830 391 959 432 uictus
981 398 1085 432 esset
1102 408 1109 432 :
1142 393 1383 442 Romanum,
1406 405 1528 444 quem
1547 392 1650 433 Cau-
1706 421 1715 440 3

306 459 431 508 diurn,
461 473 582 511 quem
613 461 779 500 Cannae
814 472 896 499 non
928 460 1139 511 fregerunt,
1168 473 1271 511 quae
1302 460 1480 511 fregisset
1511 457 1650 499 acies?

244 534 285 557 10
309 527 374 565 Ne
406 527 470 565 ille
505 539 634 577 saepe,
669 524 823 565 etiamsi
858 525 986 576 prima
1017 538 1205 577 prospere
1236 525 1474 574 euenissent,
1512 526 1650 564 Persas

305 599 344 630 et
366 592 492 631 Indos
513 598 552 630 et
572 590 775 630 imbellem
798 589 935 629 Asiam
956 590 1176 658 quzfffisset
1202 597 1241 631 et
1270 589 1362 630 cum
1392 589 1549 631 seminis
1575 588 1651 630 sibi

249 671 282 694 11
306 658 457 698 bellum
478 658 598 697 fuisse
619 656 792 705 dixisset,
816 658 927 708 quod
958 648 1069 708 Epiri
1100 671 1232 709 regem
1259 657 1531 697 Alexandrum
1551 669 1651 696 mor-

306 723 424 764 tifero
445 725 608 763 uolnere
629 723 752 762 ictum
774 722 919 762 dixisse
940 723 1082 771 ferunt,
1105 730 1252 763 sortem
1276 722 1473 763 bellorum
1493 722 1535 762 in
1555 721 1652 763 Asia
1709 727 1722 757 ἰ

307 796 508 842 gestorum
529 790 580 829 ab
601 790 679 828 hoc
700 788 787 840 ipso
807 787 953 828 iuuene
974 802 1066 851 egr-’m
1088 802 1160 845 sug
1177 789 1461 829 conferentem.
1532 770 1603 846 ’Χ
1719 829 1722 838 1

248 868 285 892 12
365 854 565 907 Equidem
586 868 679 894 cum
695 867 764 906 per
783 867 911 893 annos
931 861 1119 906 quattuor
1131 862 1170 894 et
1189 853 1330 906 uiginti
1349 853 1479 906 primo
1499 853 1653 894 Punico
1718 885 1722 908 3.

309 921 416 960 bello
437 919 631 960 elassibus
652 926 846 959 certatum
867 933 959 959 cum
990 919 1136 959 Poenis
1166 920 1363 969 recordor,
1386 918 1453 959 uix
1481 926 1652 959 aetatem
1710 924 1722 972 {j

250 996 287 1028 ¹3
309 985 527 1026 Alexandri
563 983 818 1025 suffecturam
855 984 975 1024 suisse
1013 998 1100 1024 reor
1133 986 1187 1025 ad
1221 998 1346 1025 unum
1379 984 1541 1025 bellum.
1601 985 1655 1024 Et
1706 981 1722 997 “

308 1051 485 1099 forsitan,
508 1064 599 1090 cum
631 1058 670 1090 et
700 1050 929 1090 foederibus
960 1050 1127 1090 uetustis
1157 1050 1292 1090 iuncta
1315 1063 1377 1090 res
1404 1049 1556 1090 Punica
1576 1051 1655 1090 Ro-
1708 1050 1722 1090 Ξ·

310 1130 452 1156 manae
473 1123 577 1156 esset
597 1122 637 1155 et
657 1115 776 1155 timor
795 1129 866 1167 par
885 1117 1076 1155 aduersus
1097 1129 1354 1156 communem
1376 1116 1534 1156 hostem
1554 1116 1655 1157 duas
1705 1100 1722 1156 Ι(

308 1183 605 1236 potentissimas
648 1181 766 1222 armis
816 1181 990 1233 uirisque
1034 1183 1152 1222 urbes
1193 1189 1374 1231 armaret,
1420 1179 1490 1237 [et]
1536 1181 1655 1222 simul
1679 1178 1711 1197 '⁷

249 1259 285 1292 14
309 1248 463 1289 Punico
504 1250 773 1300 Romanoque
811 1247 977 1288 obrutus
1015 1248 1123 1288 bello
1157 1255 1272 1288 esset.
1352 1249 1448 1288 Non
1489 1246 1656 1301 quidem
1700 1265 1701 1268 ¹

309 1315 539 1355 Alexandro
559 1315 663 1354 duce
683 1327 758 1354 nec
778 1313 938 1365 integris
961 1315 1235 1354 Macedonum
1257 1313 1375 1354 rebus
1404 1314 1477 1354 sed
1505 1313 1655 1367 experti
1701 1325 1710 1344 -’

310 1389 444 1421 tamen
479 1388 571 1420 sunt
604 1379 779 1421 Romani
808 1381 1080 1420 Macedonem
1108 1382 1265 1421 hostem
1295 1381 1489 1421 aduersus
1518 1381 1657 1422 Antio-
1701 1399 1702 1402 ¹

309 1448 430 1487 chum
452 1446 681 1498 Philippum
704 1447 850 1487 Persen
871 1442 955 1486 non
984 1448 1108 1487 modo
1137 1459 1231 1487 cum
1260 1448 1376 1488 clade
1404 1448 1485 1488 ulla
1505 1448 1576 1489 sed
1604 1461 1658 1490 ne

253 1525 290 1558 15
309 1527 401 1554 cum
429 1513 607 1565 periculo
635 1512 800 1565 quidem
830 1526 914 1553 suo.
973 1512 1092 1553 Absit
1122 1511 1274 1553 inuidia
1302 1512 1428 1553 uerbo
1456 1519 1498 1554 et
1524 1513 1658 1555 ciuilia

309 1579 414 1619 bella
435 1578 575 1619 sileant
592 1594 600 1618 :
631 1579 839 1630 nimquam
859 1579 912 1618 ab
932 1578 1067 1630 equite
1088 1579 1215 1629 hoste,
1238 1592 1444 1631 nunquam
1465 1592 1490 1619 a
1509 1578 1656 1632 pedite,
1697 1605 1698 1608 =

309 1658 517 1697 nunquam
555 1652 692 1695 aperta
729 1644 825 1692 acie,
860 1658 1065 1696 nunquam
1096 1644 1246 1696 aequis,
1282 1644 1424 1697 utique
1449 1633 1659 1697 nunquam

251 1719 291 1752 16
310 1712 454 1754 nostris
470 1711 568 1753 locis
584 1712 854 1752 laborauimus
870 1727 878 1752 ε
903 1711 1145 1764 †equitem†,
1164 1713 1337 1800 &tas
1354 1713 1477 1753 saltus
1492 1710 1658 1765 impedi·
1690 1751 1692 1754 .

358 1829 396 1859 13
421 1829 495 1850 cum
513 1822 547 1850 ct
563 1818 775 1856 foederibus]
800 1822 914 1850 notare
929 1818 999 1851 licet
1013 1819 1127 1851 habere
1146 1818 1292 1851 Ocum¹²³
1318 1817 1524 1860 foederibus,
1539 1818 1578 1859 ‘fi
1593 1816 1657 1859 fil.

315 1864 387 1903 156,
402 1863 421 1895 i.
433 1873 458 1895 e.
471 1873 494 1894 c.
515 1872 566 1893 22.
589 1873 607 1902 7
625 1862 863 1903 praecipitesq:
877 1867 943 1904 pro
957 1863 1222 1904 praecipitaret3
1246 1866 1277 1894 et
1289 1872 1428 1903 augerq.
1441 1866 1506 1904 pro
1517 1865 1659 1903 augeret

311 1918 335 1939 c.
351 1918 403 1946 42.
423 1917 443 1946 4
598 1906 697 1937 simul
709 1906 757 1939 ed.
776 1906 909 1939 Medt'ol.
933 1908 1039 1947 1478:
1064 1911 1099 1939 et
1117 1906 1218 1939 simul
1234 1905 1559 1949 MPFUpOTDLA

316 1961 353 1991 14
381 1950 508 1982 Persen
529 1949 826 1990 MPUpOTDLA
847 1963 854 1983 :
880 1961 1013 1992 persem
1031 1951 1065 1982 F
1216 1959 1256 1991 15
1279 1961 1452 1991 nunquam
1475 1949 1518 1982 ab
1542 1949 1683 1991 equite2

312 1995 410 2026 hoste
427 1993 751 2034 MPFUpOTDLA
767 2006 774 2026 :
800 1995 1002 2027 secluserunt
1022 1994 1196 2027 Dobraeus
1218 1998 1249 2027 et
1270 1994 1488 2036 Madvigius;
1509 1993 1662 2027 εὑηιἹίΙη
1680 2030 1682 2032 ,

316 2038 389 2070 Van
402 2037 441 2070 de
455 2037 536 2068 Vliet
550 2038 612 2078 qui
625 2042 736 2070 tamen
759 2049 870 2070 uocem
888 2039 987 2070 hoste
1009 2049 1128 2071 rursus
1134 2042 1212 2081 post
1228 2039 1344 2080 pedite
1363 2039 1503 2070 inserere
1518 2036 1658 2071 uolebat.
1683 2078 1686 2079 ⁷

312 2081 384 2114 Sed
394 2082 427 2113 si
440 2082 589 2114 ueritatis
610 2092 731 2114 norma
755 2082 922 2124 sequenda
945 2086 1034 2122 esset,
1055 2086 1092 2114 ut
1106 2082 1312 2123 apertas-sime
1325 2083 1397 2114 iam
1415 2081 1536 2114 Duker
1546 2081 1656 2122 sensit,
1686 2098 1687 2101 =

312 2129 380 2157 tota
390 2126 547 2157 sententia
559 2136 730 2167 nunquam
748 2151 755 2159 .
777 2150 785 2159 .
807 2149 815 2158 .
831 2127 1063 2158 laborauimus
1075 2126 1181 2158 tollere
1193 2126 1381 2158 deberemus
1392 2136 1404 2158 .·
1421 2124 1600 2167 putandus
1613 2127 1663 2157 est
1681 2143 1685 2146 ⁴

310 2170 420 2211 potius
434 2169 557 2201 Liuius
571 2170 724 2202 iuuenali
738 2170 887 2210 quodam
905 2170 1022 2202 ardore
1039 2170 1093 2211 (cf.
1110 2181 1134 2202 c.
1151 2179 1200 2207 17.
1220 2180 1233 2200 1
1248 2170 1345 2211 adn.)
1358 2179 1532 2211 nunquam
1545 2173 1664 2210 quater

315 2214 475 2254 repetiisse
498 2225 575 2245 cum
603 2225 634 2245 re
658 2224 737 2246 uera
763 2214 847 2245 nihil
863 2214 945 2255 plus
959 2213 1092 2245 scribere
1109 2213 1252 2245 uoluerit
1266 2224 1372 2254 quam
1394 2223 1459 2245 nec
1476 2212 1519 2244 ab
1543 2212 1660 2253 equite
1683 2224 1687 2235 ἐ

313 2257 412 2288 hoste
430 2268 491 2288 nec
510 2269 529 2288 a
549 2258 665 2298 pedite
683 2262 803 2298 aperta
820 2258 892 2289 acie
909 2262 967 2289 aut
988 2258 1107 2298 aequis
1129 2258 1242 2297 utique
1260 2257 1388 2289 nostris
1405 2257 1491 2288 locis
1511 2265 1659 2297 unquam
1683 2295 1687 2297 λ

314 2301 565 2340 laborauimu53
600 2302 692 2333 ltunc
715 2312 792 2332 uero
817 2301 971 2333 ardorem
998 2301 1209 2342 aliquatenus
1231 2300 1369 2332 delenire
1387 2304 1501 2342 postea
1523 2303 1661 2332 conatus
1678 2300 1688 2340 j

313 2354 381 2375 esse
403 2345 598 2376 sententiam
624 2346 774 2385 equitem
793 2369 799 2376 .
818 2368 825 2376 .
846 2369 854 2377 .
874 2345 994 2376 timere
1011 2350 1126 2386 potest
1139 2344 1380 2385 subiungendo,
1393 2345 1540 2385 sortasse
1559 2344 1660 2375 etiam

315 2388 416 2426 turba
443 2389 559 2428 utique
589 2399 761 2429 nunquam
791 2388 917 2420 nostris
948 2387 1142 2421 inculcando
1307 2393 1426 2428 aperta
1458 2386 1501 2418 M
1504 2385 1633 2418 TDLA
1650 2397 1659 2419 z

315 2436 434 2470 aperte
467 2431 618 2473 PFUpO
787 2431 1016 2464 labor-animus
1046 2430 1234 2474 MPFUpO
1242 2431 1369 2464 TDLA
1385 2443 1392 2463 :
1431 2430 1660 2462 laborabimus
1686 2462 1688 2465 .

319 2473 493 2507 Weissenb.
519 2486 597 2507 cum
619 2474 866 2516 Hewwagenio,
891 2474 1047 2507 imbecille
1204 2477 1243 2507 16
1270 2475 1417 2516 equitem
1442 2472 1660 2507 MPFO¹TD
1684 2483 1688 2495 ³
