1722 2748
535 153 608 190 AB
638 152 790 190 VRBE
822 151 1081 191 CONDITA
1316 151 1471 197 VII-23
1494 165 1506 187 1

139 264 214 303 lius
239 265 392 303 Laenas
412 277 436 302 a
456 262 572 314 plebe
599 263 751 310 consul,
772 275 796 301 a
825 261 1000 312 patribus
1030 263 1075 301 L.
1105 260 1313 302 Cornelius
1340 259 1473 312 Scipio

140 330 268 369 datus.

196 396 370 434 Fortuna
400 406 562 445 quoque
594 392 858 431 inlustriorem
888 392 1089 443 plebeium
1124 394 1329 433 consulem
1358 392 1474 442 fecit3
1496 407 1510 428 2

142 473 234 499 nam
254 473 346 499 cum
366 459 568 510 ingentem
581 458 785 498 Gallorum
802 458 1016 497 exercitum
1029 458 1070 497 in
1083 472 1176 510 agro
1190 458 1333 498 Latino
1349 467 1475 498 castra

141 524 322 576 posuisse
351 523 577 563 nuntiatum
611 532 725 571 esset,
749 523 935 574 Scipione
966 523 1076 574 graui
1107 524 1249 564 morbo
1282 523 1475 575 implicito

141 589 340 630 Gallicum
360 590 508 629 bellum
530 588 686 640 Popilio
706 596 812 628 extra
831 589 1012 628 ordinem
1034 590 1182 629 datum.
1242 591 1282 628 Is
1311 588 1476 640 impigre
1496 597 1514 627 3

141 655 312 696 exercitu
351 655 507 707 scripto,
548 669 640 694 cum
679 668 819 695 omnes
853 663 959 694 extra
997 663 1150 707 portam
1190 656 1394 708 Capenam
1424 656 1476 695 ad

143 721 283 760 Martis
301 722 443 761 aedem
463 721 677 760 conuenire
696 728 867 760 armatos
888 720 1060 760 iuniores
1087 721 1262 761 iussisset
1285 721 1476 773 signaque

141 787 284 826 eodem
305 794 533 838 quaestores
554 800 602 825 ex
620 786 769 826 aerario
789 787 951 835 deferre,
970 794 1156 838 quattuor
1176 786 1339 839 expletis
1359 786 1477 839 legio-

141 852 269 900 nibus,
292 854 403 903 quod
423 851 614 904 superfuit
634 852 804 891 militum
827 854 869 891 P.
887 853 1046 892 Valerio
1061 853 1291 893 Publicolae
1306 852 1476 905 praetori

141 917 312 966 tradidit,
341 926 478 958 auctor
508 918 685 970 patribus
720 918 918 958 scribendi
950 919 1109 959 alterius
1142 919 1343 968 exercitus,
1367 920 1476 970 quod
1495 925 1514 955 4

140 985 192 1024 ad
212 983 382 1024 incertos
402 984 496 1024 belli
516 992 684 1024 euentus
706 983 928 1024 subsidium
948 985 1003 1024 rei
1024 985 1207 1036 publicae
1229 992 1341 1025 esset.
1383 987 1476 1036 Ipse
1498 996 1515 1028 5

143 1051 221 1090 iam
259 1051 353 1090 satis
391 1050 579 1090 omnibus
619 1050 818 1090 instructis
866 1051 1184 1103 comparatisque
1221 1054 1273 1092 ad
1320 1054 1475 1092 hostem

142 1116 290 1168 pergit3
317 1116 430 1156 cuius
451 1125 493 1156 ut
513 1116 620 1168 prius
640 1124 822 1156 nosceret
850 1116 953 1157 uires
983 1131 1103 1168 quam
1132 1118 1309 1169 periculo
1335 1118 1475 1159 ultimo

142 1190 362 1233 temptaret,
398 1182 439 1222 in
479 1184 645 1230 tumulo,
679 1195 798 1233 quem
839 1183 1062 1234 proximum
1097 1184 1232 1224 castris
1270 1186 1475 1225 Gallorum

142 1261 283 1298 capere
303 1247 442 1299 potuit,
466 1249 614 1286 uallum
635 1249 780 1287 ducere
801 1248 946 1299 coepit.
1003 1249 1114 1289 Gens
1143 1251 1251 1290 ferox
1271 1258 1309 1289 et
1330 1249 1475 1301 ingenii
1497 1258 1517 1290 6

142 1313 249 1352 auidi
280 1315 330 1353 ad
362 1327 535 1365 pugnam
570 1327 662 1353 cum
691 1315 828 1364 procul
858 1313 953 1353 uisis
979 1317 1253 1355 Romanorum
1285 1315 1404 1367 signis
1434 1323 1476 1354 ut

143 1382 341 1431 extemplo
375 1380 567 1432 proelium
607 1379 750 1418 initura
795 1379 1045 1431 explicuisset
1092 1380 1229 1429 aciem,
1266 1389 1475 1432 postquam

144 1460 274 1496 neque
294 1446 333 1484 in
353 1459 525 1497 aequum
546 1444 701 1485 demitti
721 1458 863 1496 agmen
885 1445 983 1485 uidit
1004 1454 1042 1485 et
1061 1460 1153 1486 curn
1174 1446 1250 1486 loci
1270 1446 1478 1487 altitudine

144 1522 228 1552 tum
245 1513 350 1551 uallo
371 1511 489 1552 etiarn
510 1511 588 1563 tegi
610 1513 828 1559 Romanos
852 1514 1052 1563 perculsos
1073 1526 1219 1563 pauore
1247 1521 1339 1561 rata,
1362 1514 1478 1552 simul

143 1577 445 1630 opportuniores
466 1579 575 1628 quod
595 1576 735 1616 intenti
763 1584 845 1615 tum
879 1577 1047 1617 maxime
1077 1580 1183 1629 operi
1215 1586 1356 1626 essent,
1380 1577 1478 1617 truci

143 1645 317 1683 clamore
336 1643 573 1695 adgreditur.
630 1643 695 1682 Ab
718 1643 912 1682 Romanis
934 1657 1007 1683 nec
1038 1657 1137 1695 opus
1159 1644 1479 1684 intermissum—
1501 1656 1517 1691 7

144 1708 262 1749 triarii
283 1718 408 1758 erant,
428 1711 495 1761 qui
522 1709 801 1749 muniebant-
814 1718 852 1749 et
873 1710 924 1749 ab
946 1710 1107 1749 hastatis
1138 1709 1476 1761 principibusque,

144 1774 213 1826 qui
242 1789 314 1827 pro
343 1775 607 1816 munitoribus
637 1775 778 1815 intenti
810 1776 1030 1827 armatique
1061 1784 1262 1825 steterunt,
1285 1777 1478 1827 proelium

145 1840 297 1880 initum.
359 1845 516 1881 Praeter
536 1842 720 1882 uirtutem
743 1845 854 1883 locus
875 1856 1035 1894 quoque
1057 1842 1232 1894 superior
1250 1841 1413 1890 adiuuit,
1437 1849 1479 1881 ut
1500 1854 1519 1885 8

145 1907 223 1959 pila
243 1907 378 1947 omnia
399 1910 613 1960 hastaeque
640 1923 721 1949 non
752 1918 955 1961 tamquam
986 1924 1032 1949 ex
1061 1923 1190 1960 aequo
1221 1908 1339 1948 missa
1364 1922 1478 1956 uana,

145 1974 254 2024 quod
275 1975 507 2026 plerumque
528 1976 581 2023 fit,
604 1977 790 2015 caderent
811 1977 882 2015 sed
906 1975 1041 2014 omnia
1070 1975 1209 2015 librata
1238 1974 1481 2026 ponderibus

147 2038 355 2089 figerentur
372 2054 381 2088 3
411 2040 642 2092 oneratique
661 2042 747 2080 telis
768 2042 884 2089 Galli,
906 2040 1051 2092 quibus
1081 2049 1148 2079 aut
1177 2053 1342 2090 corpora
1361 2047 1481 2079 trans·
1499 2053 1518 2086 9

146 2104 222 2143 fixa
241 2112 309 2144 aut
329 2114 582 2156 praegrauata
595 2106 891 2146 inhaerentibus
912 2106 1101 2156 gerebant
1115 2113 1236 2153 scuta,
1252 2118 1343 2144 curn
1363 2118 1479 2143 cursu

189 2215 238 2248 23
257 2219 278 2248 3
297 2220 339 2240 ex
356 2210 487 2241 aerario
505 2234 512 2242 .
531 2233 539 2241 .
559 2234 567 2242 .
588 2210 728 2241 militum
746 2221 812 2241 om.
832 2210 879 2249 H,
901 2213 955 2240 ret.
974 2210 1063 2240 ceteri
1192 2213 1310 2240 auctor
1326 2206 1480 2249 MPFUp

149 2252 222 2283 OH
227 2251 353 2283 TDLA
373 2265 380 2284 z
404 2254 532 2284 auctori
549 2254 735 2294 Alschefski
750 2265 765 2284 e
784 2254 857 2285 dett.
878 2264 954 2291 uno,
970 2253 1053 2292 sort.
1072 2256 1168 2283 recte:
1192 2252 1387 2284 auctoribus
1403 2252 1475 2283 dett.

146 2296 222 2336 aliq.
371 2298 392 2327 6
415 2297 547 2328 demitti
565 2297 747 2338 Sigonius:
772 2298 893 2328 dimitti
914 2295 1276 2337 MPFUpOHTDLA
1411 2296 1478 2335 tegi

146 2338 194 2370 F¹
211 2340 264 2371 uel
277 2339 324 2371 1³
336 2340 410 2382 (per
427 2341 544 2381 ras.)A
569 2341 619 2373 ed.
639 2341 735 2373 Frob.
760 2350 852 2380 ¹535,
871 2340 908 2380 cf
927 2341 1043 2372 Madv.
1064 2339 1205 2372 Emend.
1221 2352 1229 2371 z
1255 2340 1361 2380 integi
1383 2339 1486 2370 MPF

151 2382 372 2423 UpOHTDL
527 2394 545 2424 7
570 2389 739 2416 steterunt
755 2384 912 2423 MPrsu'ne
931 2383 1164 2426 duh1·o)FUpO
1172 2383 1299 2414 TDLA
1314 2394 1322 2414 ε
1347 2384 1481 2415 steterit

147 2426 188 2500 Iti
213 2427 292 2468 (pro
314 2425 446 2464 stetert,
463 2427 501 2467 qs.
525 2438 548 2460 c.
572 2439 624 2460 2¹.
648 2438 667 2468 5
689 2432 719 2459 et
740 2438 757 2467 7
780 2428 875 2469 adn.)
893 2439 900 2458 :
925 2432 1091 2459 steterant
1114 2427 1186 2459 deit.
1206 2427 1294 2468 aliq„
1314 2426 1399 2459 Edd.
1418 2431 1479 2460 uet.

146 2480 162 2500 e
190 2481 247 2502 rec.
