1722 2748
782 137 1106 177 PRAEFATIO

271 253 323 291 ad
354 252 391 291 8.
424 252 487 302 38.
521 254 544 290 6
575 265 621 291 ex
650 252 766 290 annis
795 249 884 303 (pro
913 251 1075 302 samnis)
1105 251 1267 290 annisus
1294 248 1521 290 aedificauit
1555 250 1614 300 Up

273 317 456 368 (alterum
489 317 594 356 ΡΨ.2
623 317 886 369 appellares):
921 330 969 356 ex
997 319 1062 355 αῇι
1082 316 1170 368 (pro
1196 330 1220 355 a
1240 317 1299 355 M
1299 316 1339 370 .),
1371 329 1481 355 amen
1501 315 1550 363 F,
1573 314 1613 354 in

273 382 391 421 rebus
422 382 576 430 ,diuinis
616 397 735 434 quam
775 383 814 421 in
856 381 1034 422 Liuianis
1074 381 1280 422 sollertior.
1337 381 1443 421 idern
1482 386 1617 420 serunt

277 460 309 497 7.
335 451 395 488 28.
423 462 452 496 1,
478 463 525 489 ex
544 454 615 488 sei
639 448 823 502 (samius)
846 449 960 488 facit:
995 462 1042 488 ex
1063 454 1200 487 rentm·
1216 462 1249 498 3.
1275 462 1308 498 3.
1333 459 1369 499 5,
1392 448 1618 486 uiderentur

273 514 500 554 aedificauit
532 516 638 554 Ver.:
670 522 709 554 et
729 528 775 555 ex
787 513 822 567 p-
845 529 903 554 10.
926 517 990 562 46.
1015 527 1049 565 5,
1063 515 1216 565 praeda
1237 513 1312 553 sibi
1333 513 1444 552 finxit
1463 519 1524 563 up.

331 582 382 619 Et
403 581 477 620 hac
498 587 580 620 arte
600 581 788 631 gloriatur
808 582 896 620 Pal.
920 594 939 618 2
962 593 1054 619 cum
1077 579 1264 630 expandit
1280 593 1401 619 uoces
1419 592 1537 630 quam
1557 579 1615 616 ne-

275 659 334 684 mo
353 646 406 685 sic
423 645 522 697 (uid.
549 658 581 695 7.
607 660 638 685 1.
663 645 716 699 8),
739 659 871 697 neque
891 659 1050 697 prorsus
1072 644 1193 685 hodie
1213 646 1393 696 neglecta
1412 651 1471 684 est
1490 657 1563 683 ars.

332 743 471 781 Manet
489 750 530 781 ut
542 741 927 782 administratoribus
945 741 1243 781 fideicommissi
1260 739 1502 782 Irelandiani
1511 741 1614 781 Oxo-

275 807 480 847 niensibus
508 815 636 859 grates
666 807 821 848 debitas
851 809 1028 856 referam,
1058 809 1126 859 qui
1155 809 1362 848 Franciam
1390 815 1429 848 et
1460 806 1614 847 Italiam
1645 809 1647 811 ’

275 887 394 925 saepe
425 873 691 925 proficiscenti
722 887 865 914 neruos
895 875 1007 925 quasi
1034 873 1184 914 itineris
1208 873 1388 926 pecuniis
1407 871 1616 925 erogandis

277 938 335 977 bis
349 941 704 990 suppeditauerunt
718 953 729 988 3
759 939 993 979 Falconerio
1010 941 1163 980 Madan
1180 939 1337 980 Bodleii
1350 939 1618 979 bibliothecae

275 1004 445 1053 custodi,
458 1018 533 1044 nec
548 1006 712 1044 minime
725 1005 909 1045 Henrico
922 1006 1076 1046 Omont
1092 1013 1130 1045 et
1147 1005 1275 1045 Leoni
1289 1007 1432 1054 Dorez,
1443 1002 1619 1045 illustris-

275 1068 384 1109 simis
406 1069 704 1118 Parisiensibus,
724 1070 829 1110 Patri
852 1072 1094 1110 Reuerendo
1116 1071 1246 1119 Ehrle,
1262 1070 1341 1110 iam
1357 1069 1615 1122 deplorando,

274 1142 314 1174 et
336 1136 550 1175 Professori
573 1138 790 1188 Rostagno‚
815 1137 926 1176 Italis
947 1136 1182 1185 clarissimis,
1202 1144 1241 1176 et
1260 1137 1314 1176 ob
1334 1138 1412 1175 alia
1430 1136 1560 1176 officia
1578 1142 1619 1175 et

275 1201 328 1240 ob
360 1201 565 1241 facultates
600 1201 926 1242 extraordinarias
962 1204 1222 1254 legendorum
1253 1202 1441 1242 codicum
1469 1203 1618 1253 aliquo-

276 1266 377 1306 tiens
393 1267 677 1319 benignissime
693 1270 804 1308 datas
820 1283 831 1318 3
861 1276 944 1308 tum
964 1283 1128 1320 quoque
1140 1268 1314 1308 Aemilio
1326 1270 1518 1316 Thomas,
1533 1281 1619 1319 pro-

275 1331 411 1372 fessori
427 1332 480 1371 illi
501 1332 675 1383 Lillensi,
694 1333 952 1374 humanitatis
970 1343 1127 1374 nostrae
1143 1337 1328 1387 collegae,
1345 1333 1476 1387 operis
1494 1332 1619 1373 nostri

275 1396 517 1437 amicissimo
536 1399 803 1446 adhortatori;
835 1406 875 1438 et
906 1399 1036 1439 doctis
1063 1399 1156 1439 uiris
1178 1402 1219 1439 P.
1243 1402 1277 1451 J.
1302 1400 1404 1449 Enk,
1426 1397 1619 1452 gymnasii

277 1462 482 1503 Leidensis
528 1465 784 1516 praeceptori.
859 1465 995 1514 Staub‚
1043 1464 1310 1506 Einsiedlensi
1355 1467 1433 1505 iam
1479 1463 1619 1505 biblio-

275 1528 441 1581 phylaci,
464 1531 638 1569 Waltero
660 1531 904 1579 Ashburner,
930 1533 1071 1572 Clarae
1093 1534 1151 1571 M.
1177 1533 1341 1584 Knight,
1369 1532 1555 1571 alumnae
1580 1537 1619 1570 et

275 1597 459 1647 collegae,
492 1595 558 1647 qui
598 1597 637 1635 in
668 1596 873 1636 nonnullis
904 1596 1012 1646 locis,
1044 1597 1113 1637 ubi
1147 1597 1428 1638 adnotationes
1461 1604 1620 1636 nostrae

276 1660 517 1700 deficiebant
532 1662 596 1700 uel
618 1661 767 1701 dubiae
785 1670 907 1711 erant,
926 1664 977 1702 de
997 1662 1205 1703 codicibus
1223 1662 1422 1711 Leidensi,
1439 1660 1630 1701 Einsied-.

275 1727 385 1773 lensi,
414 1725 668 1774 Florentinis,
691 1727 880 1767 Parisinis
907 1727 1253 1768 confirmationem
1280 1729 1345 1768 uel
1369 1729 1619 1780 supplemen-

276 1797 361 1829 tum
380 1790 764 1832 beneuolentissime
786 1783 993 1833 dederunt.

332 1856 481 1895 Iterum
504 1856 709 1897 Gulielmo
727 1859 931 1898 Lendrum
950 1858 1115 1910 gratiam
1135 1859 1330 1899 habemus
1345 1866 1386 1899 et
1399 1859 1553 1910 agimus
1564 1858 1618 1899 ob

277 1921 447 1960 eandem
465 1936 629 1973 operam
650 1938 769 1975 quam
791 1932 909 1964 antea
923 1924 964 1963 in
979 1924 1138 1964 schedis
1155 1924 1403 1976 perlegendis
1422 1924 1621 1976 benignis-

276 1986 375 2025 sime
400 1987 598 2028 redditam
613 2004 623 2038 3
655 1991 877 2042 iterumque
906 2005 997 2030 cum
1027 1991 1317 2031 correctoribus
1346 1990 1444 2043 preli
1458 1991 1620 2033 Claren-

276 2051 441 2091 doniani
471 2060 556 2092 tum
587 2056 848 2107 prelatoribus
879 2056 973 2108 ipsis
1002 2058 1173 2096 multum
1202 2057 1408 2097 debemus.

829 2164 875 2202 C.
908 2163 1248 2208 FLAMSTEAD
1278 2162 1563 2202 WALTERS.

320 2248 455 2281 Dabam
482 2244 647 2283 Londim'o

407 2301 486 2333 Kal.
509 2302 700 2336 Octobribus
719 2308 816 2347 1918.
868 2332 878 2340 ,

906 2448 979 2486 xxii
