1722 2748
183 125 241 163 VI
267 135 312 173 15
337 144 373 165 12
800 130 924 171 ΤΙΤΙ
954 131 1074 171 LIVI

208 251 248 281 13
268 237 436 288 ponatis,
460 236 535 277 nisi
554 239 687 290 aliqua
708 240 814 279 fraus
836 241 1002 280 subest?
1058 243 1152 293 Quo
1172 244 1297 294 magis
1320 245 1429 295 argui
1453 245 1612 296 praesti-

266 301 349 353 gias
370 303 515 343 iubetis
536 312 697 353 uestras,
716 318 765 345 eo
785 307 873 357 plus
890 320 1028 346 uereor
1044 321 1095 347 ne
1109 308 1351 349 abstuleritis
1366 310 1611 351 obseruanti-

270 369 343 408 bus
364 368 483 408 etiam
503 372 653 410 oculos.
706 373 849 423 Itaque
865 386 946 411 non
963 386 1038 423 ego
1053 373 1169 413 uobis
1184 381 1228 413 ut
1249 374 1424 415 indicem
1444 378 1611 427 praedas

268 442 430 483 uestras,
454 436 525 475 sed
545 450 619 476 uos
639 436 680 476 id
701 438 872 489 cogendi
894 441 987 478 estis
1007 448 1051 478 ut
1070 438 1111 478 in
1132 440 1310 480 medium
1330 442 1563 493 proferatis?

199 501 248 539 16
324 499 429 541 Cum
465 503 620 542 mittere
649 504 839 554 ambages
870 503 1038 544 dictator
1066 504 1220 545 iuberet
1252 514 1291 546 et
1323 514 1392 546 aut
1426 514 1612 560 peragere

269 579 408 605 uerum
438 566 630 608 indicium
661 577 820 620 cogeret
843 578 912 609 aut
941 570 1052 609 fateri
1081 571 1236 611 facinus
1266 572 1483 613 insimulati
1513 575 1612 615 falso

268 631 433 672 crimine
468 642 628 674 senatus
661 635 901 688 oblataeque
934 636 1027 676 uani
1058 637 1148 676 furti
1178 638 1364 686 inuidiae,
1397 647 1611 691 negantem

230 706 245 727 2
267 697 430 737 arbitrio
450 698 702 739 inimicorum
724 714 766 740 se
787 702 1012 741 locuturum
1033 701 1074 741 in
1094 702 1227 742 uincla
1245 703 1339 743 duci
1360 704 1484 746 iussit.
1542 707 1613 745 Ar-

269 772 403 816 reptus
422 779 446 804 a
467 766 618 806 uiatore
641 767 861 818 ‘Iuppiter'
882 767 1022 819 inquit,
1045 771 1055 788 ‘
1070 768 1220 819 optime
1239 770 1412 810 maxime
1427 772 1613 823 Iunoque

270 829 404 881 regina
423 844 470 870 ac
491 831 677 872 Minerua
696 832 897 884 ceterique
918 834 958 873 di
979 835 1169 885 deaeque,
1192 834 1261 885 qui
1290 835 1534 887 Capitolium
1559 852 1615 879 ar-

269 909 439 948 cemque
456 897 638 947 incolitis,
659 898 783 938 sicine
799 907 974 939 uestrum
992 899 1158 939 militem
1174 914 1221 939 ac
1241 900 1465 952 praesidem
1485 901 1613 944 sinitis

269 962 401 1001 uexari
426 963 477 1002 ab
503 963 704 1005 inimicis?
743 967 841 1005 haec
862 967 1009 1014 dextra,
1032 980 1111 1017 qua
1131 966 1269 1006 Gallos
1289 967 1375 1007 fudi
1394 982 1419 1008 a
1437 969 1614 1010 delubris

230 1039 248 1070 5
269 1027 421 1077 uestris,
444 1028 523 1068 iarn
553 1029 593 1068 in
625 1030 767 1069 uinclis
798 1038 836 1070 et
866 1031 1015 1071 catenis
1045 1029 1171 1071 erit?'
1227 1032 1387 1072 Nullius
1411 1047 1487 1074 nec
1507 1034 1612 1075 oculi

268 1106 344 1132 nec
363 1107 477 1134 aures
499 1094 776 1147 indignitatem
798 1097 976 1136 ferebant
995 1111 1004 1144 3
1037 1098 1109 1136 sed
1135 1096 1285 1136 inuicta
1313 1097 1387 1137 sibi
1414 1100 1612 1150 quaedam

269 1159 557 1209 patientissima
579 1160 668 1200 iusti
691 1161 845 1212 imperii
866 1162 1005 1201 ciuitas
1022 1163 1177 1210 fecerat,
1192 1176 1269 1202 nec
1283 1164 1476 1204 aduersus
1491 1164 1613 1204 dicta-

271 1226 411 1265 toriam
432 1227 512 1266 uim
534 1235 601 1267 aut
623 1227 771 1267 tribuni
793 1227 920 1279 plebis
940 1236 1009 1268 aut
1033 1228 1117 1280 ipsa
1141 1229 1254 1280 plebs
1274 1231 1454 1270 attollere
1474 1232 1612 1271 oculos

230 1311 249 1340 4
269 1301 338 1333 aut
359 1294 511 1334 hiscere
531 1295 746 1334 audebant.
809 1295 1005 1336 Coniecto
1035 1295 1075 1334 in
1104 1310 1302 1336 carcerem
1333 1297 1490 1349 Manlio
1520 1297 1613 1338 satis

270 1368 426 1400 constat
449 1374 633 1412 magnam
656 1369 807 1412 partem
829 1361 957 1412 plebis
978 1370 1131 1401 uestem
1149 1370 1332 1411 mutasse,
1350 1364 1497 1403 multos
1514 1361 1614 1402 ‘mor-

270 1427 367 1465 tales
381 1426 566 1477 capillum
581 1440 627 1465 ac
642 1427 805 1466 barbam
818 1427 1400 1480 promisisse‚obuersatamque
1413 1428 1612 1469 uestibulo

270 1492 436 1531 carceris
459 1499 649 1532 maestam
672 1493 841 1532 turbam.
884 1517 891 1522 -
1464 1535 1467 1538 ,

231 1576 248 1606 5
327 1559 507 1597 Dictator
526 1559 578 1598 de
598 1558 755 1598 Volscis
777 1558 1046 1610 triumphauit,
1063 1558 1320 1611 inuidiaeque
1340 1559 1466 1612 magis
1481 1561 1613 1601 trium·

269 1625 372 1675 phus
396 1637 516 1675 quam
544 1625 691 1675 gloriae
719 1624 791 1664 fuit
805 1639 816 1673 3
845 1624 994 1676 quippe
1018 1625 1128 1666 domi
1158 1629 1239 1665 non
1271 1625 1433 1666 militiae
1457 1635 1612 1679 partum

270 1703 362 1729 eum
382 1698 598 1741 actumque
619 1692 671 1730 de
692 1690 779 1730 ciue
801 1704 883 1730 non
904 1692 955 1731 de
976 1693 1090 1731 hoste
1114 1692 1335 1732 fremebant
1354 1708 1362 1733 ε
1392 1707 1518 1733 unum
1549 1695 1613 1734 de-

270 1757 389 1797 fuisse
410 1765 564 1797 tantum
586 1759 806 1809 superbiae,
831 1760 939 1810 quod
961 1773 1041 1798 non
1065 1761 1123 1799 M.
1147 1759 1322 1799 Manlius
1342 1768 1435 1800 ante
1455 1774 1611 1801 currum

229 1836 248 1867 6
270 1825 318 1863 sit
345 1825 499 1864 ductus.
562 1826 730 1875 Iamque
760 1826 868 1864 haud
896 1826 1032 1876 procul
1061 1825 1256 1866 seditione
1280 1840 1340 1866 res
1365 1834 1447 1867 erat
1461 1842 1472 1876 3
1501 1828 1613 1867 cuius

269 1891 478 1932 leniendae
499 1905 618 1931 causa
640 1893 867 1943 postulante
888 1893 998 1932 nullo
1018 1892 1176 1943 largitor
1189 1895 1434 1934 uoluntarius
1450 1903 1613 1946 repente

269 1965 428 1998 senatus
458 1959 583 1998 factus
606 1958 800 1998 Satricum
831 1958 1027 1997 coloniam
1055 1960 1137 1998 duo
1162 1959 1268 1999 milia
1292 1960 1439 1999 ciuium
1463 1963 1612 2001 Roma-

269 2037 411 2064 norum
429 2023 572 2063 deduci
592 2025 712 2063 iussit.
779 2025 879 2063 Bina
895 2023 1027 2075 iugera
1043 2032 1081 2064 et
1098 2024 1280 2065 semisses
1295 2025 1374 2076 agri
1390 2025 1588 2078 adsignati
1603 2041 1612 2075 ;
1678 2027 1697 2087 ’Ἰ

316 2138 356 2160 12
380 2112 516 2169 ponatis
535 2127 963 2172 MPFUpBOEHTDLA
979 2141 986 2159 ε
1011 2130 1170 2169 promatis
1188 2129 1346 2168 Eussner,
1355 2130 1492 2170 frustra
1557 2157 1560 2159 .

268 2184 270 2186 ’
313 2171 358 2204 16
386 2183 399 2203 1
426 2173 627 2214 oblataeque
642 2199 648 2205 .
668 2198 674 2205 .
696 2197 703 2205 .
719 2174 867 2204 inuidiae
882 2172 1254 2204 MPFBOEHTDLA
1269 2184 1277 2205 :
1294 2173 1475 2215 oblataque
1490 2198 1498 2206 .
1511 2197 1521 2206 .
1540 2197 1547 2205 .
1561 2173 1611 2205 in-

271 2216 362 2248 uidia
378 2216 428 2257 Up
540 2229 559 2248 2
577 2219 696 2248 dextra
711 2216 1102 2248 MPFBOEHTDLA:
1128 2218 1269 2249 dextera
1286 2217 1336 2258 Up
1445 2227 1467 2257 4
1490 2217 1611 2249 obuer-
1678 2217 1695 2250 ὃ

269 2264 443 2300 satamque
462 2260 854 2301 MPFUpBOETDLA
869 2272 877 2292 ε
901 2261 1046 2292 obuersa
1063 2266 1232 2301 tamquam
1250 2261 1292 2292 H
1304 2262 1358 2301 (cf.
1373 2261 1442 2294 cod.
1461 2261 1608 2294 Haverk.

270 2304 555 2345 obuersatamque
572 2304 604 2335 in
622 2317 629 2343 ;
654 2304 712 2336 sed
721 2310 782 2345 pro
798 2304 911 2337 datiuo
926 2305 963 2346 cf
990 2315 1066 2335 cum
1091 2305 1195 2337 Drak.
1220 2315 1274 2345 23.
1294 2316 1345 2345 27.
1366 2315 1379 2336 1
1396 2317 1403 2344 ;
1429 2316 1481 2346 29,
1501 2315 1552 2345 24.
1571 2316 1612 2345 43

272 2358 325 2387 35.
342 2358 389 2379 11.
405 2359 447 2388 33
477 2353 508 2379 et
522 2349 610 2380 le.
631 2347 691 2388 Ep.
711 2350 741 2380 6.
764 2350 812 2379 16.
833 2359 890 2388 13:
911 2354 974 2389 pro
989 2348 1023 2379 in
1044 2358 1067 2382 ÷
1087 2349 1150 2380 abl.
1170 2360 1224 2389 33.
1244 2360 1295 2389 47.
1317 2359 1378 2388 103
1402 2351 1455 2390 38.
1471 2359 1498 2382 1.
1516 2350 1557 2389 85
1578 2351 1612 2380 et

279 2391 350 2424 Tac.
370 2392 404 2423 A
410 2403 465 2423 nn.
483 2403 513 2431 3.
534 2402 575 2431 37
591 2403 599 2423 τ
623 2393 674 2423 hic
688 2392 722 2422 in
742 2392 913 2424 uestibulo
930 2393 990 2424 u1'x
1000 2397 1129 2434 poterat
1143 2404 1211 2425 esse
1226 2392 1339 2434 turba)
1513 2394 1535 2424 6
1558 2403 1610 2424 re·
1671 2419 1674 2421 .

274 2433 763 2476 pente‘MPFssOEllTDLA
782 2447 789 2466 ε
814 2447 881 2467 om.
903 2435 954 2476 Up
