1722 2748
0 455 13 477 Γ.ἶ
3 443 6 447 .
0 415 8 431 ,ι
0 138 14 407 unwxnwwvuwffi

469 157 540 193 AB
572 156 724 194 VRBE
753 155 1016 195 CONDITA
1050 126 1067 141 ·
1312 156 1350 193 X
1372 162 1417 201 17
1438 167 1457 199 3

77 266 246 305 militum
266 267 339 305 fuit
358 272 399 306 et
417 266 579 306 caritate
597 265 712 305 ducis
731 272 771 305 et
790 279 860 317 spe
882 265 1039 305 maioris
1054 279 1176 316 quam
1191 279 1240 304 ex
1258 265 1414 316 agresti-

77 331 150 371 bus
170 331 496 383 populationibus
515 332 685 382 praedae
706 338 749 370 ut
768 345 852 370 uno
866 330 932 371 die
947 330 988 370 ui
1001 339 1123 382 atque
1138 330 1256 370 armis
1272 329 1413 370 urbem

75 404 272 448 caperent.
333 396 396 436 Ibi
422 397 505 436 duo
532 396 640 435 milia
666 395 904 436 Samnitium
931 404 971 436 et
999 404 1159 436 centum
1191 403 1415 448 pugnantes
1435 407 1456 438 4

75 462 334 502 circumuenti
355 462 541 514 captique
561 470 600 502 et
619 462 695 502 alia
715 463 863 513 praeda
881 462 1020 514 ingens
1040 470 1156 514 capta
1175 470 1245 502 est.
1299 463 1415 512 Quae

75 542 124 567 ne
145 527 440 579 impedimentis
460 527 646 579 grauibus
665 541 808 579 agmen
829 536 1019 576 oneraret,
1036 527 1249 567 conuocari
1271 527 1415 567 milites

77 593 224 633 Decius
245 593 367 633 iubet.
418 597 427 614 ‘
441 594 620 633 Hacine'
642 593 771 644 inquit
787 593 975 632 ‘uictoria
995 594 1079 633 sola
1093 600 1162 632 aut
1176 594 1252 633 hac
1267 595 1415 644 praeda
1435 608 1452 640 5

75 659 251 700 contenti
273 659 365 699 estis
390 660 539 699 futuri?
594 660 724 698 Voltis
755 673 828 699 uos
857 672 928 710 pro
957 658 1103 699 uirtute
1131 673 1221 710 spes
1250 661 1415 711 gerere?

75 726 227 766 Omnes
262 724 499 765 Samnitium
534 726 652 765 urbes
686 726 948 776 fortunaeque
981 725 1022 764 in
1056 725 1221 765 urbibus
1255 725 1414 766 relictae

75 799 228 832 uestrae
247 799 351 840 sunt,
372 792 537 842 quando
556 791 733 843 legiones
758 805 895 831 eorum
923 798 982 831 tot
1008 791 1167 843 proeliis
1195 780 1300 831 fusas
1327 805 1414 843 pos-

75 865 202 897 tremo
243 856 391 897 finibus
431 857 645 908 expulistis.
714 857 889 897 Vendite
927 858 1002 896 ista
1039 863 1079 896 et
1117 856 1266 897 inlicite
1303 858 1474 907 lucro6¹

75 931 333 962 mercatorem
368 930 413 962 ut
445 931 633 973 sequatur
665 937 838 974 agmen;
880 936 955 974 ego
994 921 1170 962 subinde
1209 937 1414 975 suggeram

2 1011 21 1033 ῃ
74 1002 176 1039 quae
198 989 390 1028 uendatis.
450 989 515 1028 Ad
538 990 776 1028 Romuleam
797 989 937 1029 urbem
958 988 1053 1028 hinc
1072 1002 1222 1037 eamus,
1244 989 1314 1029 ubi
1340 1004 1414 1030 uos

75 1054 186 1093 labor
206 1055 313 1093 haud
335 1053 472 1102 maior,
493 1055 640 1105 praeda
660 1054 786 1094 maior
805 1055 966 1094 manet.'

131 1119 348 1159 Diuendita
369 1119 516 1170 praeda
539 1121 642 1159 ultro
665 1122 924 1160 adhortantes
950 1120 1229 1172 imperatorem
1255 1123 1308 1162 ad
1335 1125 1415 1163 Ro·
1437 1128 1454 1166 7

76 1187 247 1225 muleam
279 1193 457 1237 pergunt.
519 1185 583 1226 Ibi
612 1200 775 1238 quoque
805 1186 889 1227 sine
919 1201 1050 1239 opere,
1080 1187 1165 1228 sine
1194 1188 1413 1237 tormentis,

24 1262 26 1264 ’
75 1250 191 1290 simul
226 1252 390 1291 admota
418 1259 510 1291 sunt
543 1251 665 1303 signa,
697 1254 806 1292 nulla
835 1254 875 1292 ui
905 1253 1081 1293 deterriti
1114 1268 1139 1293 a
1173 1255 1304 1302 muris,
1336 1268 1416 1306 qua

75 1315 218 1367 cuique
257 1316 479 1367 proximum
516 1318 600 1366 fuit,
636 1320 751 1357 scalis
785 1319 926 1370 raptim
966 1319 1139 1359 admotis
1177 1319 1218 1358 in
1258 1319 1416 1360 moenia

15 1420 18 1421 γ
75 1394 246 1421 euasere.
306 1382 481 1433 Captum
501 1384 696 1434 oppidum
716 1398 764 1423 ac
784 1384 983 1435 direptum
1005 1392 1065 1424 est
1082 1401 1092 1434 ,-
1119 1386 1170 1424 ad
1197 1386 1280 1425 duo
1309 1385 1414 1425 milia
1435 1396 1454 1428 8

15 1462 18 1463 ⁷
75 1453 114 1485 et
148 1446 311 1487 trecenti
348 1447 468 1488 occisi
503 1455 542 1487 et
576 1462 644 1488 sex
679 1449 787 1488 milia
820 1449 1031 1489 hominum
1066 1457 1192 1501 capta,
1228 1458 1267 1490 et
1302 1450 1415 1490 miles

20 1560 21 1563 Ἰ
75 1510 224 1563 ingenti
245 1514 392 1564 praeda
412 1513 572 1564 potitus,
590 1528 709 1565 quam
728 1515 904 1554 uendere
921 1514 1022 1554 sicut
1043 1516 1213 1566 priorem
1234 1523 1415 1564 coactus;

77 1578 332 1618 Ferentinum
363 1578 467 1626 inde,
494 1593 739 1631 quamquam
770 1580 868 1619 nihil
898 1580 1042 1631 quietis
1071 1581 1251 1629 dabatur,
1281 1588 1412 1621 tamen
1436 1596 1455 1628 9

75 1657 231 1683 summa
251 1643 451 1684 alacritate
471 1652 531 1684 est
555 1646 711 1684 ductus.
772 1646 960 1686 Ceterum
991 1645 1046 1685 ibi
1076 1647 1164 1697 plus
1195 1646 1339 1686 laboris
1367 1661 1415 1686 ac
1439 1661 1478 1684 10

75 1709 238 1760 periculi
269 1709 368 1749 fuit:
406 1718 446 1750 et
474 1711 638 1751 defensa
668 1725 824 1750 summa
857 1710 896 1750 ui
927 1712 1086 1751 moenia
1114 1719 1218 1751 sunt.
1236 1720 1274 1751 et
1305 1713 1415 1752 locus

24 1800 40 1822 χ
75 1783 156 1814 erat
177 1775 428 1816 munimento
450 1783 669 1827 naturaque
689 1784 798 1816 tutus
812 1791 823 1825 ,·
853 1778 923 1817 sed
940 1776 1059 1816 euicit
1075 1777 1210 1816 omnia
1225 1779 1415 1818 adsuetus

24 1831 38 1870 ἶ
66 1842 246 1891 praedae
273 1841 396 1881 miles.
454 1843 523 1882 Ad
549 1842 622 1882 tria
649 1842 756 1881 milia
782 1841 959 1882 hostium
976 1838 1091 1882 'circa
1117 1857 1250 1883 muros
1277 1857 1391 1883 caesa
1406 1858 1419 1894 3

75 1907 222 1957 praeda
251 1906 385 1947 militis
414 1908 498 1948 fuit.
561 1907 695 1948 Huius
725 1915 1042 1960 oppugnatarum
1073 1908 1230 1948 urbium
1260 1910 1416 1950 decoris
1439 1923 1473 1946 11

33 1966 50 2005 Τ
72 1982 164 2023 'pars
186 1972 309 2012 maior
331 1973 370 2012 in
390 1975 631 2025 quibusdam
659 1974 871 2015 annalibus
897 1976 949 2014 ad
978 1974 1200 2014 Maximum
1227 1975 1417 2025 trahitur3

120 2087 140 2115 4
157 2081 256 2117 capta
266 2082 318 2109 est
331 2077 520 2119 MPFUpO
530 2077 656 2109 TDLA
669 2090 676 2110 :
692 2078 752 2111 del,
769 2078 871 2111 Gron.
888 2080 949 2111 uix
958 2083 1049 2111 recte:
1067 2079 1154 2111 facta
1164 2084 1215 2111 est
1230 2079 1398 2112 Wa'ssenb.
1406 2106 1415 2122 ‚

77 2119 168 2160 quod
181 2120 322 2160 intellegi
330 2126 450 2162 posset,
468 2123 502 2153 si
510 2128 573 2164 pro
591 2133 666 2153 uoce
680 2123 746 2154 alia
763 2123 889 2155 Liuius
905 2134 949 2155 ex
965 2124 1040 2155 aliis
1059 2124 1161 2155 rebus
1178 2124 1359 2165 tempsisset

77 2173 98 2203 5
123 2174 185 2195 uos
202 2163 447 2206 MUpOTDL:
474 2176 554 2198 suos
578 2167 661 2198 PF:
686 2178 752 2199 om.
780 2167 812 2197 A
841 2167 884 2207 <si
910 2168 1011 2199 uultis
1031 2167 1118 2209 A³):
1143 2167 1417 2209 interrogatiuam

78 2207 180 2238 huius
195 2208 364 2240 clausulae
380 2210 451 2241 uim
462 2211 600 2252 primus
612 2211 778 2252 perspexit
788 2211 928 2253 Madvrgr
1037 2212 1175 2252 quando
1186 2211 1260 2243 Mo
1268 2211 1394 2243 TDLA
1408 2224 1415 2246 z

78 2253 146 2290 qno
158 2251 233 2291 (sic)
246 2252 281 2283 Ρ
292 2253 450 2292 (incertus
462 2258 580 2285 ulrum
596 2266 617 2286 o
633 2266 678 2286 an
694 2266 713 2287 a
730 2266 775 2286 an
792 2256 813 2286 d
829 2260 906 2286 ante
921 2255 1029 2286 oculos
1045 2255 1206 2295 habuerit,
1224 2267 1256 2287 u.
1272 2267 1294 2287 c.
1314 2267 1361 2296 14.
1378 2267 1415 2297 13

78 2294 168 2335 adn„
188 2295 226 2335 cst
242 2306 270 2328 1.
285 2306 313 2335 7.
326 2306 347 2336 5
360 2297 478 2338 adn.):
505 2299 564 2338 ὴῖι
582 2299 631 2340 (=
645 2299 823 2339 quoniam)
841 2299 890 2330 F:
915 2305 984 2339 quo
1004 2298 1056 2340 Up
1225 2300 1256 2336 6,
1276 2311 1293 2340 7
1311 2300 1418 2332 maior

38 2339 42 2358 ἱ
79 2344 193 2370 manet
210 2340 385 2372 diuendita
406 2342 532 2382 praeda
552 2353 618 2374 om.
639 2343 688 2383 M,
707 2342 783 2374 add.
804 2342 860 2373 M6
1016 2343 1126 2375 maior
1142 2341 1418 2384 M⁶PFUpOTD

37 2385 58 2419 >02
77 2381 143 2413 LA
159 2395 166 2414 ε
192 2383 305 2423 potior
319 2383 369 2414 A¹
387 2385 501 2416 ιιεἸΑ2
520 2386 574 2427 (ut
594 2387 775 2418 secundam
800 2387 965 2418 lectionem
987 2387 1022 2417 in
1047 2387 1214 2427 margine)
1238 2387 1311 2419 dett.
1339 2388 1415 2428 aliq.

0 2463 1 2467 Ἰ
44 2446 62 2467 a
78 2426 124 2457 ed.
146 2426 248 2459 Rom.
275 2438 358 2467 1470
382 2432 412 2459 ct
433 2429 521 2460 Edd.
548 2434 625 2461 ante
646 2429 780 2462 Aldum
977 2432 998 2462 8
1033 2441 1094 2462 sex
1119 2430 1174 2460 M1
1201 2431 1254 2462 uel
1276 2431 1418 2472 M2PUp

45 2472 66 2491 '“-
81 2469 269 2501 0TDLA:
302 2481 351 2502 vu
379 2472 439 2504 M:
471 2483 493 2503 v
517 2473 550 2503 F
759 2485 780 2514 9
804 2479 855 2505 cst
880 2475 1226 2516 ductus-scripsimus,
1242 2479 1419 2515 praecunte

82 2512 254 2555 Madmgrab
272 2515 409 2554 [ductus
427 2517 495 2557 est)
510 2528 518 2547 z
545 2517 665 2549 ductus
683 2517 1006 2558 MPFUpOTDLA
